ts_recv,symbol,bid_px_00,ask_px_00,raw_symbol,bid_px,ask_px
2024-04-04 22:00:00.012859335+00:00,ESM4,5204.25,5190.0,ESM4,5204.25,5190.0
2024-04-04 22:00:00.012965552+00:00,ESM4,5199.75,5200.0,ESM4,5199.75,5200.0
2024-04-04 22:00:00.013234758+00:00,ESM4,5199.75,5200.0,ESM4,5199.75,5200.0
2024-04-04 22:00:00.013249068+00:00,ESM4,5199.75,5200.0,ESM4,5199.75,5200.0
2024-04-04 22:00:00.013340017+00:00,ESM4,5199.75,5200.0,ESM4,5199.75,5200.0
2024-04-04 22:00:00.013442854+00:00,ESM4,5199.75,5200.0,ESM4,5199.75,5200.0
2024-04-04 22:00:00.013442854+00:00,ESM4,5199.75,5200.0,ESM4,5199.75,5200.0
2024-04-04 22:00:00.013442854+00:00,ESM4,5199.75,5200.0,ESM4,5199.75,5200.0
2024-04-04 22:00:00.013442854+00:00,ESM4,5199.75,5200.0,ESM4,5199.75,5200.0
2024-04-04 22:00:00.013523753+00:00,ESM4,5199.75,5200.0,ESM4,5199.75,5200.0
2024-04-04 22:00:00.013539143+00:00,ESM4,5199.75,5200.0,ESM4,5199.75,5200.0
2024-04-04 22:00:00.013847773+00:00,ESM4,5199.75,5200.0,ESM4,5199.75,5200.0
2024-04-04 22:00:00.013866219+00:00,ESM4,5199.75,5200.0,ESM4,5199.75,5200.0
2024-04-04 22:00:00.013866219+00:00,ESM4,5199.75,5200.25,ESM4,5199.75,5200.25
2024-04-04 22:00:00.013952345+00:00,ESM4,5199.75,5200.25,ESM4,5199.75,5200.25
2024-04-04 22:00:00.013991743+00:00,ESM4,5199.75,5200.25,ESM4,5199.75,5200.25
2024-04-04 22:00:00.013997840+00:00,ESM4,5199.75,5200.25,ESM4,5199.75,5200.25
2024-04-04 22:00:00.014003493+00:00,ESM4,5199.75,5200.25,ESM4,5199.75,5200.25
2024-04-04 22:00:00.014009283+00:00,ESM4,5199.75,5200.25,ESM4,5199.75,5200.25
2024-04-04 22:00:00.014108281+00:00,ESM4,5199.75,5200.25,ESM4,5199.75,5200.25
2024-04-04 22:00:00.014434774+00:00,ESM4,5199.75,5200.25,ESM4,5199.75,5200.25
2024-04-04 22:00:00.014529270+00:00,ESM4,5199.75,5200.25,ESM4,5199.75,5200.25
2024-04-04 22:00:00.014725699+00:00,ESM4,5199.75,5200.25,ESM4,5199.75,5200.25
2024-04-04 22:00:00.015539089+00:00,ESM4,5199.75,5200.25,ESM4,5199.75,5200.25
2024-04-04 22:00:00.015588520+00:00,ESM4,5199.75,5200.0,ESM4,5199.75,5200.0
2024-04-04 22:00:00.015664217+00:00,ESM4,5199.75,5200.0,ESM4,5199.75,5200.0
2024-04-04 22:00:00.015694061+00:00,ESM4,5199.75,5200.25,ESM4,5199.75,5200.25
2024-04-04 22:00:00.015841784+00:00,ESM4,5199.75,5200.0,ESM4,5199.75,5200.0
2024-04-04 22:00:00.016317106+00:00,ESM4,5199.75,5200.0,ESM4,5199.75,5200.0
2024-04-04 22:00:00.016424408+00:00,ESM4,5199.75,5200.0,ESM4,5199.75,5200.0
2024-04-04 22:00:00.016873229+00:00,ESM4,5199.75,5200.0,ESM4,5199.75,5200.0
2024-04-04 22:00:00.017155465+00:00,ESM4,5199.75,5200.0,ESM4,5199.75,5200.0
2024-04-04 22:00:00.020398806+00:00,ESM4,5199.75,5200.0,ESM4,5199.75,5200.0
2024-04-04 22:00:00.020405488+00:00,ESM4,5199.75,5200.0,ESM4,5199.75,5200.0
2024-04-04 22:00:00.020540027+00:00,ESM4,5199.75,5200.0,ESM4,5199.75,5200.0
2024-04-04 22:00:00.020648332+00:00,ESM4,5199.75,5200.0,ESM4,5199.75,5200.0
2024-04-04 22:00:00.020656417+00:00,ESM4,5199.75,5200.0,ESM4,5199.75,5200.0
2024-04-04 22:00:00.020670757+00:00,ESM4,5199.75,5200.0,ESM4,5199.75,5200.0
2024-04-04 22:00:00.020676128+00:00,ESM4,5199.75,5200.0,ESM4,5199.75,5200.0
2024-04-04 22:00:00.020807647+00:00,ESM4,5199.75,5200.0,ESM4,5199.75,5200.0
2024-04-04 22:00:00.021014130+00:00,ESM4,5199.75,5200.0,ESM4,5199.75,5200.0
2024-04-04 22:00:00.021020760+00:00,ESM4,5199.75,5200.0,ESM4,5199.75,5200.0
2024-04-04 22:00:00.021129352+00:00,ESM4,5199.75,5200.0,ESM4,5199.75,5200.0
2024-04-04 22:00:00.023451741+00:00,ESM4,5199.75,5200.0,ESM4,5199.75,5200.0
2024-04-04 22:00:00.023566097+00:00,ESM4,5199.75,5200.0,ESM4,5199.75,5200.0
2024-04-04 22:00:00.023571980+00:00,ESM4,5199.75,5200.0,ESM4,5199.75,5200.0
2024-04-04 22:00:00.024207086+00:00,ESM4,5199.75,5200.0,ESM4,5199.75,5200.0
2024-04-04 22:00:00.024215227+00:00,ESM4,5199.75,5200.25,ESM4,5199.75,5200.25
2024-04-04 22:00:00.024215227+00:00,ESM4,5199.75,5200.25,ESM4,5199.75,5200.25
2024-04-04 22:00:00.024296151+00:00,ESM4,5199.75,5200.25,ESM4,5199.75,5200.25
2024-04-04 22:00:00.024487562+00:00,ESM4,5200.0,5200.25,ESM4,5200.0,5200.25
2024-04-04 22:00:00.024583283+00:00,ESM4,5200.0,5200.25,ESM4,5200.0,5200.25
2024-04-04 22:00:00.024596052+00:00,ESM4,5200.0,5200.25,ESM4,5200.0,5200.25
2024-04-04 22:00:00.024664253+00:00,ESM4,5200.0,5200.25,ESM4,5200.0,5200.25
2024-04-04 22:00:00.024673054+00:00,ESM4,5200.0,5200.25,ESM4,5200.0,5200.25
2024-04-04 22:00:00.024686601+00:00,ESM4,5200.0,5200.25,ESM4,5200.0,5200.25
2024-04-04 22:00:00.024705468+00:00,ESM4,5200.0,5200.25,ESM4,5200.0,5200.25
2024-04-04 22:00:00.025236744+00:00,ESM4,5200.0,5200.25,ESM4,5200.0,5200.25
2024-04-04 22:00:00.026976755+00:00,ESM4,5200.0,5200.25,ESM4,5200.0,5200.25
2024-04-04 22:00:00.026983533+00:00,ESM4,5200.0,5200.5,ESM4,5200.0,5200.5
2024-04-04 22:00:00.027064714+00:00,ESM4,5200.0,5200.5,ESM4,5200.0,5200.5
2024-04-04 22:00:00.027078998+00:00,ESM4,5200.0,5200.5,ESM4,5200.0,5200.5
2024-04-04 22:00:00.027298210+00:00,ESM4,5200.25,5200.5,ESM4,5200.25,5200.5
2024-04-04 22:00:00.027386609+00:00,ESM4,5200.25,5200.5,ESM4,5200.25,5200.5
2024-04-04 22:00:00.027394647+00:00,ESM4,5200.25,5200.5,ESM4,5200.25,5200.5
2024-04-04 22:00:00.027991539+00:00,ESM4,5200.25,5200.5,ESM4,5200.25,5200.5
2024-04-04 22:00:00.028115434+00:00,ESM4,5200.25,5200.5,ESM4,5200.25,5200.5
2024-04-04 22:00:00.028335726+00:00,ESM4,5200.25,5200.5,ESM4,5200.25,5200.5
2024-04-04 22:00:00.028393631+00:00,ESM4,5200.25,5200.5,ESM4,5200.25,5200.5
2024-04-04 22:00:00.028399340+00:00,ESM4,5200.25,5200.5,ESM4,5200.25,5200.5
2024-04-04 22:00:00.028552408+00:00,ESM4,5200.25,5200.5,ESM4,5200.25,5200.5
2024-04-04 22:00:00.029125739+00:00,ESM4,5200.25,5200.5,ESM4,5200.25,5200.5
2024-04-04 22:00:00.029382248+00:00,ESM4,5200.25,5200.5,ESM4,5200.25,5200.5
2024-04-04 22:00:00.029399574+00:00,ESM4,5200.25,5201.0,ESM4,5200.25,5201.0
2024-04-04 22:00:00.029487344+00:00,ESM4,5200.25,5201.0,ESM4,5200.25,5201.0
2024-04-04 22:00:00.029549514+00:00,ESM4,5200.25,5201.0,ESM4,5200.25,5201.0
2024-04-04 22:00:00.029555796+00:00,ESM4,5200.25,5201.0,ESM4,5200.25,5201.0
2024-04-04 22:00:00.029622482+00:00,ESM4,5200.5,5201.0,ESM4,5200.5,5201.0
2024-04-04 22:00:00.029628447+00:00,ESM4,5200.5,5201.0,ESM4,5200.5,5201.0
2024-04-04 22:00:00.029657963+00:00,ESM4,5200.75,5201.0,ESM4,5200.75,5201.0
2024-04-04 22:00:00.029745502+00:00,ESM4,5200.75,5201.0,ESM4,5200.75,5201.0
2024-04-04 22:00:00.030531285+00:00,ESM4,5200.5,5201.0,ESM4,5200.5,5201.0
2024-04-04 22:00:00.030591648+00:00,ESM4,5200.75,5201.0,ESM4,5200.75,5201.0
2024-04-04 22:00:00.030645770+00:00,ESM4,5200.75,5201.0,ESM4,5200.75,5201.0
2024-04-04 22:00:00.030674513+00:00,ESM4,5200.75,5201.0,ESM4,5200.75,5201.0
2024-04-04 22:00:00.030758151+00:00,ESM4,5200.75,5201.0,ESM4,5200.75,5201.0
2024-04-04 22:00:00.031940820+00:00,ESM4,5200.75,5201.0,ESM4,5200.75,5201.0
2024-04-04 22:00:00.032054251+00:00,ESM4,5200.75,5201.0,ESM4,5200.75,5201.0
2024-04-04 22:00:00.032445596+00:00,ESM4,5200.75,5201.0,ESM4,5200.75,5201.0
2024-04-04 22:00:00.035534113+00:00,ESM4,5200.75,5201.0,ESM4,5200.75,5201.0
2024-04-04 22:00:00.036206477+00:00,ESM4,5200.75,5201.0,ESM4,5200.75,5201.0
2024-04-04 22:00:00.036214100+00:00,ESM4,5200.75,5201.0,ESM4,5200.75,5201.0
2024-04-04 22:00:00.036316062+00:00,ESM4,5200.75,5201.0,ESM4,5200.75,5201.0
2024-04-04 22:00:00.036323798+00:00,ESM4,5200.75,5201.0,ESM4,5200.75,5201.0
2024-04-04 22:00:00.036335625+00:00,ESM4,5200.75,5201.0,ESM4,5200.75,5201.0
2024-04-04 22:00:00.036428499+00:00,ESM4,5200.75,5201.0,ESM4,5200.75,5201.0
2024-04-04 22:00:00.036536579+00:00,ESM4,5200.75,5201.0,ESM4,5200.75,5201.0
2024-04-04 22:00:00.036580697+00:00,ESM4,5200.75,5201.0,ESM4,5200.75,5201.0
2024-04-04 22:00:00.041730879+00:00,ESM4,5200.75,5201.0,ESM4,5200.75,5201.0
2024-04-04 22:00:00.041840464+00:00,ESM4,5200.75,5201.0,ESM4,5200.75,5201.0
2024-04-04 22:00:00.041855158+00:00,ESM4,5200.75,5201.0,ESM4,5200.75,5201.0
2024-04-04 22:00:00.052784111+00:00,ESM4,5200.75,5201.0,ESM4,5200.75,5201.0
2024-04-04 22:00:00.052791038+00:00,ESM4,5200.75,5201.0,ESM4,5200.75,5201.0
2024-04-04 22:00:00.053009230+00:00,ESM4,5200.75,5201.0,ESM4,5200.75,5201.0
2024-04-04 22:00:00.053017166+00:00,ESM4,5200.75,5201.25,ESM4,5200.75,5201.25
2024-04-04 22:00:00.053110967+00:00,ESM4,5200.75,5201.25,ESM4,5200.75,5201.25
2024-04-04 22:00:00.053119742+00:00,ESM4,5200.75,5201.25,ESM4,5200.75,5201.25
2024-04-04 22:00:00.053256473+00:00,ESM4,5201.0,5201.25,ESM4,5201.0,5201.25
2024-04-04 22:00:00.053262668+00:00,ESM4,5201.0,5201.25,ESM4,5201.0,5201.25
2024-04-04 22:00:00.053289450+00:00,ESM4,5201.0,5201.25,ESM4,5201.0,5201.25
2024-04-04 22:00:00.053352117+00:00,ESM4,5201.0,5201.25,ESM4,5201.0,5201.25
2024-04-04 22:00:00.053394437+00:00,ESM4,5201.0,5201.25,ESM4,5201.0,5201.25
2024-04-04 22:00:00.053447274+00:00,ESM4,5201.0,5201.25,ESM4,5201.0,5201.25
2024-04-04 22:00:00.054455864+00:00,ESM4,5201.0,5201.25,ESM4,5201.0,5201.25
2024-04-04 22:00:00.058040985+00:00,ESM4,5201.0,5201.25,ESM4,5201.0,5201.25
2024-04-04 22:00:00.058047615+00:00,ESM4,5201.0,5201.25,ESM4,5201.0,5201.25
2024-04-04 22:00:00.067044042+00:00,ESM4,5201.0,5201.25,ESM4,5201.0,5201.25
2024-04-04 22:00:00.067052023+00:00,ESM4,5201.0,5201.25,ESM4,5201.0,5201.25
2024-04-04 22:00:00.067352651+00:00,ESM4,5201.0,5201.25,ESM4,5201.0,5201.25
2024-04-04 22:00:00.071860712+00:00,ESM4,5201.0,5201.25,ESM4,5201.0,5201.25
2024-04-04 22:00:00.084959686+00:00,ESM4,5201.0,5201.25,ESM4,5201.0,5201.25
2024-04-04 22:00:00.092834938+00:00,ESM4,5201.0,5201.25,ESM4,5201.0,5201.25
2024-04-04 22:00:00.092940841+00:00,ESM4,5201.0,5201.25,ESM4,5201.0,5201.25
2024-04-04 22:00:00.096346057+00:00,ESM4,5201.0,5201.25,ESM4,5201.0,5201.25
2024-04-04 22:00:00.103273993+00:00,ESM4,5201.0,5201.25,ESM4,5201.0,5201.25
2024-04-04 22:00:00.116068547+00:00,ESM4,5201.0,5201.25,ESM4,5201.0,5201.25
2024-04-04 22:00:00.116075807+00:00,ESM4,5201.0,5201.25,ESM4,5201.0,5201.25
2024-04-04 22:00:00.116185792+00:00,ESM4,5201.0,5201.25,ESM4,5201.0,5201.25
2024-04-04 22:00:00.116259333+00:00,ESM4,5201.0,5201.25,ESM4,5201.0,5201.25
2024-04-04 22:00:00.116374407+00:00,ESM4,5201.0,5201.25,ESM4,5201.0,5201.25
2024-04-04 22:00:00.116720775+00:00,ESM4,5201.0,5201.25,ESM4,5201.0,5201.25
2024-04-04 22:00:00.116728152+00:00,ESM4,5200.75,5201.25,ESM4,5200.75,5201.25
2024-04-04 22:00:00.116839770+00:00,ESM4,5200.75,5201.25,ESM4,5200.75,5201.25
2024-04-04 22:00:00.116921662+00:00,ESM4,5200.75,5201.25,ESM4,5200.75,5201.25
2024-04-04 22:00:00.117023777+00:00,ESM4,5200.75,5201.0,ESM4,5200.75,5201.0
2024-04-04 22:00:00.117119088+00:00,ESM4,5200.75,5201.0,ESM4,5200.75,5201.0
2024-04-04 22:00:00.117258271+00:00,ESM4,5200.75,5201.0,ESM4,5200.75,5201.0
2024-04-04 22:00:00.117269765+00:00,ESM4,5200.75,5201.25,ESM4,5200.75,5201.25
2024-04-04 22:00:00.117269765+00:00,ESM4,5200.75,5201.25,ESM4,5200.75,5201.25
2024-04-04 22:00:00.117358144+00:00,ESM4,5201.0,5201.25,ESM4,5201.0,5201.25
2024-04-04 22:00:00.117469301+00:00,ESM4,5201.0,5201.25,ESM4,5201.0,5201.25
2024-04-04 22:00:00.117475517+00:00,ESM4,5201.0,5201.25,ESM4,5201.0,5201.25
2024-04-04 22:00:00.117590642+00:00,ESM4,5201.0,5201.25,ESM4,5201.0,5201.25
2024-04-04 22:00:00.117844674+00:00,ESM4,5201.0,5201.25,ESM4,5201.0,5201.25
2024-04-04 22:00:00.117872034+00:00,ESM4,5201.0,5201.25,ESM4,5201.0,5201.25
2024-04-04 22:00:00.117993225+00:00,ESM4,5201.0,5201.25,ESM4,5201.0,5201.25
2024-04-04 22:00:00.117999170+00:00,ESM4,5201.0,5201.25,ESM4,5201.0,5201.25
2024-04-04 22:00:00.118012149+00:00,ESM4,5201.0,5201.25,ESM4,5201.0,5201.25
2024-04-04 22:00:00.118024257+00:00,ESM4,5201.0,5201.25,ESM4,5201.0,5201.25
2024-04-04 22:00:00.118127903+00:00,ESM4,5201.0,5201.25,ESM4,5201.0,5201.25
2024-04-04 22:00:00.118152919+00:00,ESM4,5201.0,5201.25,ESM4,5201.0,5201.25
2024-04-04 22:00:00.118158627+00:00,ESM4,5201.0,5201.25,ESM4,5201.0,5201.25
2024-04-04 22:00:00.118271377+00:00,ESM4,5201.0,5201.25,ESM4,5201.0,5201.25
2024-04-04 22:00:00.128874995+00:00,ESM4,5201.0,5201.25,ESM4,5201.0,5201.25
2024-04-04 22:00:00.129207488+00:00,ESM4,5201.0,5201.25,ESM4,5201.0,5201.25
2024-04-04 22:00:00.155776894+00:00,ESM4,5201.0,5201.25,ESM4,5201.0,5201.25
2024-04-04 22:00:00.155783683+00:00,ESM4,5201.0,5201.25,ESM4,5201.0,5201.25
2024-04-04 22:00:00.155899468+00:00,ESM4,5200.75,5201.25,ESM4,5200.75,5201.25
2024-04-04 22:00:00.155999612+00:00,ESM4,5200.75,5201.25,ESM4,5200.75,5201.25
2024-04-04 22:00:00.156013512+00:00,ESM4,5200.75,5201.25,ESM4,5200.75,5201.25
2024-04-04 22:00:00.156853531+00:00,ESM4,5200.75,5201.25,ESM4,5200.75,5201.25
2024-04-04 22:00:00.156860309+00:00,ESM4,5200.75,5201.25,ESM4,5200.75,5201.25
2024-04-04 22:00:00.165902231+00:00,ESM4,5201.0,5201.25,ESM4,5201.0,5201.25
2024-04-04 22:00:00.185088761+00:00,ESM4,5201.0,5201.25,ESM4,5201.0,5201.25
2024-04-04 22:00:00.185199974+00:00,ESM4,5201.0,5201.25,ESM4,5201.0,5201.25
2024-04-04 22:00:00.298940685+00:00,ESM4,5201.0,5201.25,ESM4,5201.0,5201.25
2024-04-04 22:00:00.298947648+00:00,ESM4,5201.0,5201.25,ESM4,5201.0,5201.25
2024-04-04 22:00:00.353565363+00:00,ESM4,5201.0,5201.25,ESM4,5201.0,5201.25
2024-04-04 22:00:00.353572756+00:00,ESM4,5200.75,5201.0,ESM4,5200.75,5201.0
2024-04-04 22:00:00.355322812+00:00,ESM4 C5790,2.2,2.8,ESM4 C5790,2.2,2.8
2024-04-04 22:00:00.356758560+00:00,ESM4 C5660,6.5,7.15,ESM4 C5660,6.5,7.15
2024-04-04 22:00:00.359813137+00:00,ESM4,5200.75,5201.0,ESM4,5200.75,5201.0
2024-04-04 22:00:00.359835522+00:00,ESM4,5200.75,5201.25,ESM4,5200.75,5201.25
2024-04-04 22:00:00.359835522+00:00,ESM4,5200.75,5201.25,ESM4,5200.75,5201.25
2024-04-04 22:00:00.359835522+00:00,ESM4,5200.75,5201.25,ESM4,5200.75,5201.25
2024-04-04 22:00:00.359907808+00:00,ESM4,5200.75,5201.25,ESM4,5200.75,5201.25
2024-04-04 22:00:00.360225480+00:00,ESM4,5201.0,5201.25,ESM4,5201.0,5201.25
2024-04-04 22:00:00.360340415+00:00,ESM4,5201.0,5201.25,ESM4,5201.0,5201.25
2024-04-04 22:00:00.360347522+00:00,ESM4,5201.0,5201.25,ESM4,5201.0,5201.25
2024-04-04 22:00:00.361490972+00:00,ESM4 P4500,11.5,18.25,ESM4 P4500,11.5,18.25
2024-04-04 22:00:00.363261538+00:00,ESM4,5201.0,5201.25,ESM4,5201.0,5201.25
2024-04-04 22:00:00.363268675+00:00,ESM4,5201.0,5201.25,ESM4,5201.0,5201.25
2024-04-04 22:00:00.363637212+00:00,ESM4,5201.0,5201.25,ESM4,5201.0,5201.25
2024-04-04 22:00:00.363835959+00:00,ESM4 P4250,10.0,11.0,ESM4 P4250,10.0,11.0
2024-04-04 22:00:00.365510277+00:00,ESM4 P3150,1.85,2.4,ESM4 P3150,1.85,2.4
2024-04-04 22:00:00.366185529+00:00,ESM4 C5825,1.65,2.2,ESM4 C5825,1.65,2.2
2024-04-04 22:00:00.367326523+00:00,ESM4 P2100,0.1,0.65,ESM4 P2100,0.1,0.65
2024-04-04 22:00:00.367730304+00:00,ESM4 C5770,2.65,3.2,ESM4 C5770,2.65,3.2
2024-04-04 22:00:00.369199152+00:00,ESM4,5201.0,5201.25,ESM4,5201.0,5201.25
2024-04-04 22:00:00.369205695+00:00,ESM4,5201.0,5201.25,ESM4,5201.0,5201.25
2024-04-04 22:00:00.377951761+00:00,ESM4 P2800,0.85,1.4,ESM4 P2800,0.85,1.4
2024-04-04 22:00:00.378185185+00:00,ESM4 C5900,0.85,1.4,ESM4 C5900,0.85,1.4
2024-04-04 22:00:00.378659840+00:00,ESM4 P2700,0.7,1.25,ESM4 P2700,0.7,1.25
2024-04-04 22:00:00.379476318+00:00,ESM4 C5675,5.75,6.4,ESM4 C5675,5.75,6.4
2024-04-04 22:00:00.384149529+00:00,ESM4 P3000,1.25,1.8,ESM4 P3000,1.25,1.8
2024-04-04 22:00:00.392504515+00:00,ESM4 P2850,0.95,1.5,ESM4 P2850,0.95,1.5
2024-04-04 22:00:00.396750608+00:00,ESM4 P4000,6.55,7.1,ESM4 P4000,6.55,7.1
2024-04-04 22:00:00.396750608+00:00,ESM4 P2500,0.45,1.0,ESM4 P2500,0.45,1.0
2024-04-04 22:00:00.398234718+00:00,ESM4 C6000,0.55,0.85,ESM4 C6000,0.55,0.85
2024-04-04 22:00:00.404144732+00:00,ESM4 C5800,2.05,2.6,ESM4 C5800,2.05,2.6
2024-04-04 22:00:00.406839758+00:00,ESM4,5201.0,5201.25,ESM4,5201.0,5201.25
2024-04-04 22:00:00.406847412+00:00,ESM4,5201.0,5201.25,ESM4,5201.0,5201.25
2024-04-04 22:00:00.414516763+00:00,ESM4,5201.0,5201.25,ESM4,5201.0,5201.25
2024-04-04 22:00:00.414523624+00:00,ESM4,5201.0,5201.25,ESM4,5201.0,5201.25
2024-04-04 22:00:00.433857869+00:00,ESM4,5201.0,5201.25,ESM4,5201.0,5201.25
2024-04-04 22:00:00.458511932+00:00,ESM4,5201.0,5201.25,ESM4,5201.0,5201.25
2024-04-04 22:00:00.458519100+00:00,ESM4,5201.0,5201.25,ESM4,5201.0,5201.25
2024-04-04 22:00:00.472050337+00:00,ESM4,5201.0,5201.25,ESM4,5201.0,5201.25
2024-04-04 22:00:00.473429019+00:00,ESM4,5201.0,5201.25,ESM4,5201.0,5201.25
2024-04-04 22:00:00.533933584+00:00,ESM4,5201.0,5201.25,ESM4,5201.0,5201.25
2024-04-04 22:00:00.533940546+00:00,ESM4,5201.0,5201.25,ESM4,5201.0,5201.25
2024-04-04 22:00:00.560274208+00:00,ESM4,5201.0,5201.25,ESM4,5201.0,5201.25
2024-04-04 22:00:00.560280992+00:00,ESM4,5201.0,5201.25,ESM4,5201.0,5201.25
2024-04-04 22:00:00.560411011+00:00,ESM4,5201.0,5201.25,ESM4,5201.0,5201.25
2024-04-04 22:00:00.648887491+00:00,ESM4,5201.0,5201.25,ESM4,5201.0,5201.25
2024-04-04 22:00:00.648894731+00:00,ESM4,5201.0,5201.25,ESM4,5201.0,5201.25
2024-04-04 22:00:00.662476476+00:00,ESM4,5201.0,5201.25,ESM4,5201.0,5201.25
2024-04-04 22:00:00.766969145+00:00,ESM4,5201.0,5201.25,ESM4,5201.0,5201.25
2024-04-04 22:00:00.766975493+00:00,ESM4,5201.0,5201.25,ESM4,5201.0,5201.25
2024-04-04 22:00:00.772647833+00:00,ESM4,5201.0,5201.25,ESM4,5201.0,5201.25
2024-04-04 22:00:00.772654263+00:00,ESM4,5201.0,5201.25,ESM4,5201.0,5201.25
2024-04-04 22:00:00.786783306+00:00,ESM4,5201.0,5201.25,ESM4,5201.0,5201.25
2024-04-04 22:00:00.786790218+00:00,ESM4,5201.0,5201.25,ESM4,5201.0,5201.25
2024-04-04 22:00:00.797201360+00:00,ESM4,5201.0,5201.25,ESM4,5201.0,5201.25
2024-04-04 22:00:00.824730897+00:00,ESM4,5201.0,5201.25,ESM4,5201.0,5201.25
2024-04-04 22:00:00.824973639+00:00,ESM4,5201.0,5201.25,ESM4,5201.0,5201.25
2024-04-04 22:00:00.903735555+00:00,ESM4,5201.0,5201.25,ESM4,5201.0,5201.25
2024-04-04 22:00:00.903742256+00:00,ESM4,5201.0,5201.25,ESM4,5201.0,5201.25
2024-04-04 22:00:00.920561584+00:00,ESM4,5201.0,5201.25,ESM4,5201.0,5201.25
2024-04-04 22:00:00.920568235+00:00,ESM4,5201.0,5201.25,ESM4,5201.0,5201.25
2024-04-04 22:00:00.945094545+00:00,ESM4,5201.0,5201.25,ESM4,5201.0,5201.25
2024-04-04 22:00:00.945101503+00:00,ESM4,5201.0,5201.5,ESM4,5201.0,5201.5
2024-04-04 22:00:00.945200014+00:00,ESM4,5201.25,5201.5,ESM4,5201.25,5201.5
2024-04-04 22:00:00.945223268+00:00,ESM4,5201.25,5201.5,ESM4,5201.25,5201.5
2024-04-04 22:00:00.945328374+00:00,ESM4,5201.25,5201.5,ESM4,5201.25,5201.5
2024-04-04 22:00:00.945533537+00:00,ESM4,5201.25,5201.5,ESM4,5201.25,5201.5
2024-04-04 22:00:00.945598021+00:00,ESM4,5201.25,5201.5,ESM4,5201.25,5201.5
2024-04-04 22:00:00.945716423+00:00,ESM4,5201.25,5201.5,ESM4,5201.25,5201.5
2024-04-04 22:00:00.945826653+00:00,ESM4,5201.25,5201.5,ESM4,5201.25,5201.5
2024-04-04 22:00:00.949329632+00:00,ESM4,5201.25,5201.5,ESM4,5201.25,5201.5
2024-04-04 22:00:00.949337460+00:00,ESM4,5201.25,5201.5,ESM4,5201.25,5201.5
2024-04-04 22:00:00.949554398+00:00,ESM4,5201.25,5201.5,ESM4,5201.25,5201.5
2024-04-04 22:00:00.949562206+00:00,ESM4,5201.25,5201.75,ESM4,5201.25,5201.75
2024-04-04 22:00:00.949682456+00:00,ESM4,5201.25,5201.75,ESM4,5201.25,5201.75
2024-04-04 22:00:00.949877748+00:00,ESM4,5201.25,5201.75,ESM4,5201.25,5201.75
2024-04-04 22:00:00.949990107+00:00,ESM4,5201.25,5201.75,ESM4,5201.25,5201.75
2024-04-04 22:00:00.950626705+00:00,ESM4,5201.25,5201.75,ESM4,5201.25,5201.75
2024-04-04 22:00:00.951009142+00:00,ESM4,5201.5,5201.75,ESM4,5201.5,5201.75
2024-04-04 22:00:00.951118466+00:00,ESM4,5201.5,5201.75,ESM4,5201.5,5201.75
2024-04-04 22:00:00.951127589+00:00,ESM4,5201.5,5201.75,ESM4,5201.5,5201.75
2024-04-04 22:00:00.951135105+00:00,ESM4,5201.5,5201.75,ESM4,5201.5,5201.75
2024-04-04 22:00:00.951221979+00:00,ESM4,5201.5,5201.75,ESM4,5201.5,5201.75
2024-04-04 22:00:00.951568269+00:00,ESM4,5201.5,5201.75,ESM4,5201.5,5201.75
2024-04-04 22:00:00.951660790+00:00,ESM4,5201.5,5201.75,ESM4,5201.5,5201.75
2024-04-04 22:00:00.954166362+00:00,ESM4,5201.5,5201.75,ESM4,5201.5,5201.75
2024-04-04 22:00:00.954173735+00:00,ESM4,5201.5,5201.75,ESM4,5201.5,5201.75
2024-04-04 22:00:00.954461813+00:00,ESM4,5201.5,5201.75,ESM4,5201.5,5201.75
2024-04-04 22:00:00.954469083+00:00,ESM4,5201.5,5201.75,ESM4,5201.5,5201.75
2024-04-04 22:00:00.954622376+00:00,ESM4,5201.5,5201.75,ESM4,5201.5,5201.75
2024-04-04 22:00:00.954629672+00:00,ESM4,5201.5,5201.75,ESM4,5201.5,5201.75
2024-04-04 22:00:00.955150555+00:00,ESM4,5201.5,5201.75,ESM4,5201.5,5201.75
2024-04-04 22:00:00.955267523+00:00,ESM4,5201.5,5201.75,ESM4,5201.5,5201.75
2024-04-04 22:00:00.958510736+00:00,ESM4,5201.5,5201.75,ESM4,5201.5,5201.75
2024-04-04 22:00:00.960328794+00:00,ESM4,5201.5,5201.75,ESM4,5201.5,5201.75
2024-04-04 22:00:00.960336110+00:00,ESM4,5201.5,5201.75,ESM4,5201.5,5201.75
2024-04-04 22:00:01.017381200+00:00,ESM4,5201.5,5201.75,ESM4,5201.5,5201.75
2024-04-04 22:00:01.022180068+00:00,ESM4,5201.5,5201.75,ESM4,5201.5,5201.75
2024-04-04 22:00:01.041076291+00:00,ESM4,5201.5,5201.75,ESM4,5201.5,5201.75
2024-04-04 22:00:01.042779788+00:00,ESM4,5201.5,5201.75,ESM4,5201.5,5201.75
2024-04-04 22:00:01.053122651+00:00,ESM4,5201.5,5201.75,ESM4,5201.5,5201.75
2024-04-04 22:00:01.055687008+00:00,ESM4,5201.5,5201.75,ESM4,5201.5,5201.75
2024-04-04 22:00:01.076270963+00:00,ESM4,5201.5,5201.75,ESM4,5201.5,5201.75
2024-04-04 22:00:01.076279227+00:00,ESM4,5201.5,5202.0,ESM4,5201.5,5202.0
2024-04-04 22:00:01.076381189+00:00,ESM4,5201.5,5202.0,ESM4,5201.5,5202.0
2024-04-04 22:00:01.076393993+00:00,ESM4,5201.75,5202.0,ESM4,5201.75,5202.0
2024-04-04 22:00:01.076440487+00:00,ESM4,5201.75,5202.0,ESM4,5201.75,5202.0
2024-04-04 22:00:01.083801858+00:00,ESM4,5201.75,5202.0,ESM4,5201.75,5202.0
2024-04-04 22:00:01.168481676+00:00,ESM4,5201.75,5202.0,ESM4,5201.75,5202.0
2024-04-04 22:00:01.168489689+00:00,ESM4,5201.75,5202.0,ESM4,5201.75,5202.0
2024-04-04 22:00:01.210515785+00:00,ESM4,5201.75,5202.0,ESM4,5201.75,5202.0
2024-04-04 22:00:01.210769821+00:00,ESM4,5201.75,5202.0,ESM4,5201.75,5202.0
2024-04-04 22:00:01.210777701+00:00,ESM4,5201.5,5202.0,ESM4,5201.5,5202.0
2024-04-04 22:00:01.211065042+00:00,ESM4,5201.5,5202.0,ESM4,5201.5,5202.0
2024-04-04 22:00:01.224524158+00:00,ESM4,5201.75,5202.0,ESM4,5201.75,5202.0
2024-04-04 22:00:01.224672664+00:00,ESM4,5201.75,5202.0,ESM4,5201.75,5202.0
2024-04-04 22:00:01.224826674+00:00,ESM4,5201.75,5202.0,ESM4,5201.75,5202.0
2024-04-04 22:00:01.297436573+00:00,ESM4,5201.75,5202.0,ESM4,5201.75,5202.0
2024-04-04 22:00:01.297445097+00:00,ESM4,5201.75,5202.0,ESM4,5201.75,5202.0
2024-04-04 22:00:01.297562941+00:00,ESM4,5201.75,5202.0,ESM4,5201.75,5202.0
2024-04-04 22:00:01.297569719+00:00,ESM4,5201.75,5202.0,ESM4,5201.75,5202.0
2024-04-04 22:00:01.297693274+00:00,ESM4,5201.75,5202.0,ESM4,5201.75,5202.0
2024-04-04 22:00:01.297703757+00:00,ESM4,5201.75,5202.0,ESM4,5201.75,5202.0
2024-04-04 22:00:01.297703757+00:00,ESM4,5201.75,5202.0,ESM4,5201.75,5202.0
2024-04-04 22:00:01.297703757+00:00,ESM4,5201.75,5202.0,ESM4,5201.75,5202.0
2024-04-04 22:00:01.297793257+00:00,ESM4,5201.75,5202.0,ESM4,5201.75,5202.0
2024-04-04 22:00:01.297934877+00:00,ESM4,5201.75,5202.0,ESM4,5201.75,5202.0
2024-04-04 22:00:01.297943325+00:00,ESM4,5201.75,5202.25,ESM4,5201.75,5202.25
2024-04-04 22:00:01.298052121+00:00,ESM4,5201.75,5202.25,ESM4,5201.75,5202.25
2024-04-04 22:00:01.298060548+00:00,ESM4,5202.0,5202.25,ESM4,5202.0,5202.25
2024-04-04 22:00:01.298152506+00:00,ESM4,5202.0,5202.25,ESM4,5202.0,5202.25
2024-04-04 22:00:01.298197274+00:00,ESM4,5202.0,5202.25,ESM4,5202.0,5202.25
2024-04-04 22:00:01.298203628+00:00,ESM4,5202.0,5202.25,ESM4,5202.0,5202.25
2024-04-04 22:00:01.298278475+00:00,ESM4,5202.0,5202.25,ESM4,5202.0,5202.25
2024-04-04 22:00:01.299090104+00:00,ESM4,5202.0,5202.25,ESM4,5202.0,5202.25
2024-04-04 22:00:01.309723365+00:00,ESM4,5202.0,5202.25,ESM4,5202.0,5202.25
2024-04-04 22:00:01.330934030+00:00,ESM4,5202.0,5202.25,ESM4,5202.0,5202.25
2024-04-04 22:00:01.330940640+00:00,ESM4,5202.0,5202.25,ESM4,5202.0,5202.25
2024-04-04 22:00:01.341175440+00:00,ESM4,5202.0,5202.25,ESM4,5202.0,5202.25
2024-04-04 22:00:01.357829957+00:00,ESM4 P2950,1.15,1.7,ESM4 P2950,1.15,1.7
2024-04-04 22:00:01.358782741+00:00,ESM4 P3650,3.75,4.3,ESM4 P3650,3.75,4.3
2024-04-04 22:00:01.360163738+00:00,ESM4 C6200,0.1,0.5,ESM4 C6200,0.1,0.5
2024-04-04 22:00:01.360582526+00:00,ESM4 P3850,5.15,5.7,ESM4 P3850,5.15,5.7
2024-04-04 22:00:01.360582526+00:00,ESM4 P3200,1.8,2.15,ESM4 P3200,1.8,2.15
2024-04-04 22:00:01.360785533+00:00,ESM4 P2900,1.05,1.6,ESM4 P2900,1.05,1.6
2024-04-04 22:00:01.366301471+00:00,ESM4 P2600,0.55,1.1,ESM4 P2600,0.55,1.1
2024-04-04 22:00:01.368216033+00:00,ESM4 P2000,0.2,0.6,ESM4 P2000,0.2,0.6
2024-04-04 22:00:01.372466448+00:00,ESM4 C5810,1.9,2.45,ESM4 C5810,1.9,2.45
2024-04-04 22:00:01.372584153+00:00,ESM4 P2750,0.8,1.3,ESM4 P2750,0.8,1.3
2024-04-04 22:00:01.372708469+00:00,ESM4 P3750,4.4,4.95,ESM4 P3750,4.4,4.95
2024-04-04 22:00:01.372813640+00:00,ESM4 C5850,1.35,1.9,ESM4 C5850,1.35,1.9
2024-04-04 22:00:01.372813640+00:00,ESM4 P2200,0.15,0.7,ESM4 P2200,0.15,0.7
2024-04-04 22:00:01.372813640+00:00,ESM4 P3300,2.15,2.7,ESM4 P3300,2.15,2.7
2024-04-04 22:00:01.372948963+00:00,ESM4 P3600,3.5,4.0,ESM4 P3600,3.5,4.0
2024-04-04 22:00:01.373068327+00:00,ESM4 P4225,9.7,10.5,ESM4 P4225,9.7,10.5
2024-04-04 22:00:01.373068327+00:00,ESM4 P2300,0.25,0.8,ESM4 P2300,0.25,0.8
2024-04-04 22:00:01.373188648+00:00,ESM4 P2400,0.35,0.9,ESM4 P2400,0.35,0.9
2024-04-04 22:00:01.373188648+00:00,ESM4 P2550,0.5,1.05,ESM4 P2550,0.5,1.05
2024-04-04 22:00:01.373188648+00:00,ESM4 P3800,4.75,5.3,ESM4 P3800,4.75,5.3
2024-04-04 22:00:01.373327279+00:00,ESM4 P3950,6.05,6.6,ESM4 P3950,6.05,6.6
2024-04-04 22:00:01.373449131+00:00,ESM4 P3400,2.55,3.05,ESM4 P3400,2.55,3.05
2024-04-04 22:00:01.374266694+00:00,ESM4 C5950,0.5,1.1,ESM4 C5950,0.5,1.1
2024-04-04 22:00:01.375648704+00:00,ESM4 C5720,4.0,4.6,ESM4 C5720,4.0,4.6
2024-04-04 22:00:01.377163600+00:00,ESM4 P4325,11.75,12.5,ESM4 P4325,11.75,12.5
2024-04-04 22:00:01.377276078+00:00,ESM4 P4300,11.0,12.0,ESM4 P4300,11.0,12.0
2024-04-04 22:00:01.377729605+00:00,ESM4 C5710,4.35,4.95,ESM4 C5710,4.35,4.95
2024-04-04 22:00:01.377729605+00:00,ESM4 P1600,0.05,0.45,ESM4 P1600,0.05,0.45
2024-04-04 22:00:01.377831536+00:00,ESM4 P3350,2.35,2.85,ESM4 P3350,2.35,2.85
2024-04-04 22:00:01.380325700+00:00,ESM4 P2500,0.45,1.0,ESM4 P2500,0.45,1.0
2024-04-04 22:00:01.381850098+00:00,ESM4 P3550,3.2,3.75,ESM4 P3550,3.2,3.75
2024-04-04 22:00:01.382104585+00:00,ESM4 C6050,0.15,0.7,ESM4 C6050,0.15,0.7
2024-04-04 22:00:01.382232571+00:00,ESM4 C5775,2.55,3.1,ESM4 C5775,2.55,3.1
2024-04-04 22:00:01.382629390+00:00,ESM4 C5825,1.65,2.25,ESM4 C5825,1.65,2.25
2024-04-04 22:00:01.384096830+00:00,ESM4 C5740,3.4,4.0,ESM4 C5740,3.4,4.0
2024-04-04 22:00:01.384096830+00:00,ESM4 P3700,4.05,4.6,ESM4 P3700,4.05,4.6
2024-04-04 22:00:01.384227085+00:00,ESM4 P4275,10.5,11.25,ESM4 P4275,10.5,11.25
2024-04-04 22:00:01.384227085+00:00,ESM4 C5820,1.8,2.3,ESM4 C5820,1.8,2.3
2024-04-04 22:00:01.384617360+00:00,ESM4 P4200,9.25,9.85,ESM4 P4200,9.25,9.85
2024-04-04 22:00:01.384745597+00:00,ESM4 P4150,8.45,9.05,ESM4 P4150,8.45,9.05
2024-04-04 22:00:01.384745597+00:00,ESM4 C5725,3.85,4.45,ESM4 C5725,3.85,4.45
2024-04-04 22:00:01.386333067+00:00,ESM4 P3900,5.55,6.1,ESM4 P3900,5.55,6.1
2024-04-04 22:00:01.386793408+00:00,ESM4 C5730,3.7,4.3,ESM4 C5730,3.7,4.3
2024-04-04 22:00:01.386916750+00:00,ESM4 P3500,2.95,3.5,ESM4 P3500,2.95,3.5
2024-04-04 22:00:01.386916750+00:00,ESM4 P4100,7.75,8.3,ESM4 P4100,7.75,8.3
2024-04-04 22:00:01.387031619+00:00,ESM4 P3100,1.5,2.05,ESM4 P3100,1.5,2.05
2024-04-04 22:00:01.387976005+00:00,ESM4 C5800,2.05,2.65,ESM4 C5800,2.05,2.65
2024-04-04 22:00:01.388403522+00:00,ESM4 P2800,0.85,1.4,ESM4 P2800,0.85,1.4
2024-04-04 22:00:01.389591184+00:00,ESM4 C5750,3.15,3.7,ESM4 C5750,3.15,3.7
2024-04-04 22:00:01.389841370+00:00,ESM4 P3250,1.95,2.5,ESM4 P3250,1.95,2.5
2024-04-04 22:00:01.389841370+00:00,ESM4 P3450,2.75,3.25,ESM4 P3450,2.75,3.25
2024-04-04 22:00:01.389962403+00:00,ESM4 C5680,5.55,6.2,ESM4 C5680,5.55,6.2
2024-04-04 22:00:01.389962403+00:00,ESM4 C5670,6.05,6.65,ESM4 C5670,6.05,6.65
2024-04-04 22:00:01.390078501+00:00,ESM4 C5690,5.15,5.75,ESM4 C5690,5.15,5.75
2024-04-04 22:00:01.391507133+00:00,ESM4 P4175,8.85,9.4,ESM4 P4175,8.85,9.4
2024-04-04 22:00:01.391849768+00:00,ESM4 C5700,4.75,5.35,ESM4 C5700,4.75,5.35
2024-04-04 22:00:01.392165366+00:00,ESM4 C5790,2.25,2.8,ESM4 C5790,2.25,2.8
2024-04-04 22:00:01.392684636+00:00,ESM4 P3150,1.8,2.4,ESM4 P3150,1.8,2.4
2024-04-04 22:00:01.392880726+00:00,ESM4 C5660,6.55,7.2,ESM4 C5660,6.55,7.2
2024-04-04 22:00:01.401148029+00:00,ESM4,5202.0,5202.25,ESM4,5202.0,5202.25
2024-04-04 22:00:01.401157296+00:00,ESM4,5202.0,5202.25,ESM4,5202.0,5202.25
2024-04-04 22:00:01.401270174+00:00,ESM4,5202.0,5202.25,ESM4,5202.0,5202.25
2024-04-04 22:00:01.401425581+00:00,ESM4,5202.0,5202.25,ESM4,5202.0,5202.25
2024-04-04 22:00:01.401436697+00:00,ESM4,5202.0,5202.5,ESM4,5202.0,5202.5
2024-04-04 22:00:01.401436697+00:00,ESM4,5202.0,5202.5,ESM4,5202.0,5202.5
2024-04-04 22:00:01.401436697+00:00,ESM4,5202.0,5202.5,ESM4,5202.0,5202.5
2024-04-04 22:00:01.401531747+00:00,ESM4,5202.25,5202.5,ESM4,5202.25,5202.5
2024-04-04 22:00:01.401546282+00:00,ESM4,5202.25,5202.75,ESM4,5202.25,5202.75
2024-04-04 22:00:01.401569459+00:00,ESM4,5202.25,5202.5,ESM4,5202.25,5202.5
2024-04-04 22:00:01.401628138+00:00,ESM4,5202.25,5202.5,ESM4,5202.25,5202.5
2024-04-04 22:00:01.401668969+00:00,ESM4,5202.25,5202.5,ESM4,5202.25,5202.5
2024-04-04 22:00:01.401712514+00:00,ESM4,5202.25,5202.5,ESM4,5202.25,5202.5
2024-04-04 22:00:01.401720347+00:00,ESM4,5202.25,5202.5,ESM4,5202.25,5202.5
2024-04-04 22:00:01.401726925+00:00,ESM4,5202.25,5202.5,ESM4,5202.25,5202.5
2024-04-04 22:00:01.401824663+00:00,ESM4,5202.25,5202.75,ESM4,5202.25,5202.75
2024-04-04 22:00:01.401918746+00:00,ESM4,5202.25,5202.75,ESM4,5202.25,5202.75
2024-04-04 22:00:01.401934341+00:00,ESM4,5202.25,5202.75,ESM4,5202.25,5202.75
2024-04-04 22:00:01.402060904+00:00,ESM4,5202.25,5202.75,ESM4,5202.25,5202.75
2024-04-04 22:00:01.402254510+00:00,ESM4,5202.5,5202.75,ESM4,5202.5,5202.75
2024-04-04 22:00:01.402294194+00:00,ESM4,5202.5,5202.75,ESM4,5202.5,5202.75
2024-04-04 22:00:01.402371478+00:00,ESM4,5202.5,5202.75,ESM4,5202.5,5202.75
2024-04-04 22:00:01.402509458+00:00,ESM4,5202.5,5202.75,ESM4,5202.5,5202.75
2024-04-04 22:00:01.402648703+00:00,ESM4,5202.5,5202.75,ESM4,5202.5,5202.75
2024-04-04 22:00:01.402659889+00:00,ESM4,5202.25,5202.75,ESM4,5202.25,5202.75
2024-04-04 22:00:01.402666340+00:00,ESM4,5202.25,5202.75,ESM4,5202.25,5202.75
2024-04-04 22:00:01.402812159+00:00,ESM4,5202.25,5202.5,ESM4,5202.25,5202.5
2024-04-04 22:00:01.402900328+00:00,ESM4,5202.25,5202.5,ESM4,5202.25,5202.5
2024-04-04 22:00:01.403370501+00:00,ESM4,5202.25,5202.5,ESM4,5202.25,5202.5
2024-04-04 22:00:01.403793403+00:00,ESM4,5202.25,5202.5,ESM4,5202.25,5202.5
2024-04-04 22:00:01.405491707+00:00,ESM4,5202.25,5202.5,ESM4,5202.25,5202.5
2024-04-04 22:00:01.405491707+00:00,ESM4,5202.25,5202.5,ESM4,5202.25,5202.5
2024-04-04 22:00:01.405491707+00:00,ESM4,5202.25,5202.5,ESM4,5202.25,5202.5
2024-04-04 22:00:01.405501092+00:00,ESM4,5201.75,5202.5,ESM4,5201.75,5202.5
2024-04-04 22:00:01.405569790+00:00,ESM4,5201.75,5202.5,ESM4,5201.75,5202.5
2024-04-04 22:00:01.405619453+00:00,ESM4,5201.75,5202.25,ESM4,5201.75,5202.25
2024-04-04 22:00:01.405718430+00:00,ESM4,5201.75,5202.25,ESM4,5201.75,5202.25
2024-04-04 22:00:01.405742057+00:00,ESM4,5201.75,5202.25,ESM4,5201.75,5202.25
2024-04-04 22:00:01.405775562+00:00,ESM4,5201.75,5202.0,ESM4,5201.75,5202.0
2024-04-04 22:00:01.405892397+00:00,ESM4,5201.75,5202.0,ESM4,5201.75,5202.0
2024-04-04 22:00:01.406050861+00:00,ESM4,5201.75,5202.0,ESM4,5201.75,5202.0
2024-04-04 22:00:01.406065417+00:00,ESM4,5201.75,5202.25,ESM4,5201.75,5202.25
2024-04-04 22:00:01.406172617+00:00,ESM4,5201.75,5202.0,ESM4,5201.75,5202.0
2024-04-04 22:00:01.406267364+00:00,ESM4,5201.75,5202.0,ESM4,5201.75,5202.0
2024-04-04 22:00:01.406414586+00:00,ESM4,5201.75,5202.0,ESM4,5201.75,5202.0
2024-04-04 22:00:01.406570853+00:00,ESM4,5201.75,5202.0,ESM4,5201.75,5202.0
2024-04-04 22:00:01.406945938+00:00,ESM4,5201.75,5202.0,ESM4,5201.75,5202.0
2024-04-04 22:00:01.407069910+00:00,ESM4 P4500,11.5,18.25,ESM4 P4500,11.5,18.25
2024-04-04 22:00:01.408137977+00:00,ESM4,5201.75,5202.0,ESM4,5201.75,5202.0
2024-04-04 22:00:01.408148985+00:00,ESM4,5201.75,5202.25,ESM4,5201.75,5202.25
2024-04-04 22:00:01.408528765+00:00,ESM4,5201.75,5202.0,ESM4,5201.75,5202.0
2024-04-04 22:00:01.408628633+00:00,ESM4,5201.75,5202.0,ESM4,5201.75,5202.0
2024-04-04 22:00:01.410177319+00:00,ESM4,5201.75,5202.0,ESM4,5201.75,5202.0
2024-04-04 22:00:01.410767433+00:00,ESM4,5201.75,5202.0,ESM4,5201.75,5202.0
2024-04-04 22:00:01.410767433+00:00,ESM4,5201.75,5202.0,ESM4,5201.75,5202.0
2024-04-04 22:00:01.410775395+00:00,ESM4,5201.75,5202.25,ESM4,5201.75,5202.25
2024-04-04 22:00:01.410885169+00:00,ESM4,5201.75,5202.25,ESM4,5201.75,5202.25
2024-04-04 22:00:01.410892311+00:00,ESM4,5201.75,5202.25,ESM4,5201.75,5202.25
2024-04-04 22:00:01.411172377+00:00,ESM4,5201.75,5202.25,ESM4,5201.75,5202.25
2024-04-04 22:00:01.412181652+00:00,ESM4,5201.75,5202.25,ESM4,5201.75,5202.25
2024-04-04 22:00:01.415551659+00:00,ESM4,5201.75,5202.25,ESM4,5201.75,5202.25
2024-04-04 22:00:01.415639597+00:00,ESM4,5202.0,5202.25,ESM4,5202.0,5202.25
2024-04-04 22:00:01.422657427+00:00,ESM4,5202.0,5202.25,ESM4,5202.0,5202.25
2024-04-04 22:00:01.422664871+00:00,ESM4,5201.75,5202.25,ESM4,5201.75,5202.25
2024-04-04 22:00:01.425952832+00:00,ESM4,5201.75,5202.25,ESM4,5201.75,5202.25
2024-04-04 22:00:01.447877900+00:00,ESM4,5202.0,5202.25,ESM4,5202.0,5202.25
2024-04-04 22:00:01.448311101+00:00,ESM4,5202.0,5202.25,ESM4,5202.0,5202.25
2024-04-04 22:00:01.492914941+00:00,ESM4,5202.0,5202.25,ESM4,5202.0,5202.25
2024-04-04 22:00:01.493346810+00:00,ESM4,5202.0,5202.25,ESM4,5202.0,5202.25
2024-04-04 22:00:01.493355263+00:00,ESM4,5201.75,5202.25,ESM4,5201.75,5202.25
2024-04-04 22:00:01.493776360+00:00,ESM4,5202.0,5202.25,ESM4,5202.0,5202.25
2024-04-04 22:00:01.503446656+00:00,ESM4,5202.0,5202.25,ESM4,5202.0,5202.25
2024-04-04 22:00:01.673817300+00:00,ESM4,5202.0,5202.25,ESM4,5202.0,5202.25
2024-04-04 22:00:01.674160923+00:00,ESM4,5202.0,5202.25,ESM4,5202.0,5202.25
2024-04-04 22:00:01.692356659+00:00,ESM4,5202.0,5202.25,ESM4,5202.0,5202.25
2024-04-04 22:00:01.702045027+00:00,ESM4,5202.0,5202.25,ESM4,5202.0,5202.25
2024-04-04 22:00:02.034887069+00:00,ESM4,5202.0,5202.25,ESM4,5202.0,5202.25
2024-04-04 22:00:02.064669151+00:00,ESM4,5202.0,5202.25,ESM4,5202.0,5202.25
2024-04-04 22:00:02.064675603+00:00,ESM4,5202.0,5202.25,ESM4,5202.0,5202.25
2024-04-04 22:00:02.064920157+00:00,ESM4,5202.0,5202.25,ESM4,5202.0,5202.25
2024-04-04 22:00:02.064930909+00:00,ESM4,5202.0,5202.5,ESM4,5202.0,5202.5
2024-04-04 22:00:02.065019856+00:00,ESM4,5202.0,5202.5,ESM4,5202.0,5202.5
2024-04-04 22:00:02.065034243+00:00,ESM4,5202.25,5202.5,ESM4,5202.25,5202.5
2024-04-04 22:00:02.065127885+00:00,ESM4,5202.25,5202.5,ESM4,5202.25,5202.5
2024-04-04 22:00:02.065305231+00:00,ESM4,5202.25,5202.5,ESM4,5202.25,5202.5
2024-04-04 22:00:02.065311917+00:00,ESM4,5202.25,5202.5,ESM4,5202.25,5202.5
2024-04-04 22:00:02.065642920+00:00,ESM4,5202.25,5202.5,ESM4,5202.25,5202.5
2024-04-04 22:00:02.066020555+00:00,ESM4,5202.25,5202.5,ESM4,5202.25,5202.5
2024-04-04 22:00:02.083787110+00:00,ESM4 C5770,2.65,3.25,ESM4 C5770,2.65,3.25
2024-04-04 22:00:02.116378987+00:00,ESM4,5202.25,5202.5,ESM4,5202.25,5202.5
2024-04-04 22:00:02.116378987+00:00,ESM4,5202.25,5202.5,ESM4,5202.25,5202.5
2024-04-04 22:00:02.116378987+00:00,ESM4,5202.25,5202.5,ESM4,5202.25,5202.5
2024-04-04 22:00:02.116391668+00:00,ESM4,5202.25,5202.5,ESM4,5202.25,5202.5
2024-04-04 22:00:02.116391668+00:00,ESM4,5202.25,5203.0,ESM4,5202.25,5203.0
2024-04-04 22:00:02.116421404+00:00,ESM4,5202.5,5203.0,ESM4,5202.5,5203.0
2024-04-04 22:00:02.116553092+00:00,ESM4,5202.5,5203.0,ESM4,5202.5,5203.0
2024-04-04 22:00:02.116590114+00:00,ESM4,5202.5,5203.0,ESM4,5202.5,5203.0
2024-04-04 22:00:02.116652684+00:00,ESM4,5202.5,5203.0,ESM4,5202.5,5203.0
2024-04-04 22:00:02.116673726+00:00,ESM4,5202.5,5203.0,ESM4,5202.5,5203.0
2024-04-04 22:00:02.117460846+00:00,ESM4,5202.5,5203.0,ESM4,5202.5,5203.0
2024-04-04 22:00:02.117489901+00:00,ESM4,5202.5,5203.0,ESM4,5202.5,5203.0
2024-04-04 22:00:02.120365422+00:00,ESM4,5202.5,5203.0,ESM4,5202.5,5203.0
2024-04-04 22:00:02.125959583+00:00,ESM4,5202.5,5203.0,ESM4,5202.5,5203.0
2024-04-04 22:00:02.125966413+00:00,ESM4,5202.5,5203.0,ESM4,5202.5,5203.0
2024-04-04 22:00:02.126908495+00:00,ESM4,5202.5,5203.0,ESM4,5202.5,5203.0
2024-04-04 22:00:02.128490553+00:00,ESM4,5202.5,5203.0,ESM4,5202.5,5203.0
2024-04-04 22:00:02.132793780+00:00,ESM4,5202.5,5203.0,ESM4,5202.5,5203.0
2024-04-04 22:00:02.132800927+00:00,ESM4,5202.5,5203.0,ESM4,5202.5,5203.0
2024-04-04 22:00:02.136070815+00:00,ESM4,5202.75,5203.0,ESM4,5202.75,5203.0
2024-04-04 22:00:02.136177666+00:00,ESM4,5202.75,5203.0,ESM4,5202.75,5203.0
2024-04-04 22:00:02.136278220+00:00,ESM4,5202.75,5203.0,ESM4,5202.75,5203.0
2024-04-04 22:00:02.136285055+00:00,ESM4,5202.5,5203.0,ESM4,5202.5,5203.0
2024-04-04 22:00:02.136390657+00:00,ESM4,5202.75,5203.0,ESM4,5202.75,5203.0
2024-04-04 22:00:02.136589118+00:00,ESM4,5202.75,5203.0,ESM4,5202.75,5203.0
2024-04-04 22:00:02.136600427+00:00,ESM4,5202.25,5203.0,ESM4,5202.25,5203.0
2024-04-04 22:00:02.136687700+00:00,ESM4,5202.25,5202.75,ESM4,5202.25,5202.75
2024-04-04 22:00:02.136783190+00:00,ESM4,5202.25,5202.75,ESM4,5202.25,5202.75
2024-04-04 22:00:02.136794731+00:00,ESM4,5202.25,5202.75,ESM4,5202.25,5202.75
2024-04-04 22:00:02.136805503+00:00,ESM4,5202.25,5202.75,ESM4,5202.25,5202.75
2024-04-04 22:00:02.136861903+00:00,ESM4,5202.25,5202.75,ESM4,5202.25,5202.75
2024-04-04 22:00:02.137152316+00:00,ESM4,5202.5,5202.75,ESM4,5202.5,5202.75
2024-04-04 22:00:02.137234771+00:00,ESM4,5202.5,5202.75,ESM4,5202.5,5202.75
2024-04-04 22:00:02.137370012+00:00,ESM4,5202.5,5202.75,ESM4,5202.5,5202.75
2024-04-04 22:00:02.146745829+00:00,ESM4,5202.5,5202.75,ESM4,5202.5,5202.75
2024-04-04 22:00:02.284044487+00:00,ESM4,5202.5,5202.75,ESM4,5202.5,5202.75
2024-04-04 22:00:02.284051931+00:00,ESM4,5202.5,5202.75,ESM4,5202.5,5202.75
2024-04-04 22:00:02.312922354+00:00,ESM4,5202.5,5202.75,ESM4,5202.5,5202.75
2024-04-04 22:00:02.332421122+00:00,ESM4,5202.5,5202.75,ESM4,5202.5,5202.75
2024-04-04 22:00:02.332421122+00:00,ESM4,5202.5,5202.75,ESM4,5202.5,5202.75
2024-04-04 22:00:02.332431961+00:00,ESM4,5203.0,5203.25,ESM4,5203.0,5203.25
2024-04-04 22:00:02.332876235+00:00,ESM4,5203.0,5203.25,ESM4,5203.0,5203.25
2024-04-04 22:00:02.333129053+00:00,ESM4,5203.0,5203.25,ESM4,5203.0,5203.25
2024-04-04 22:00:02.333129053+00:00,ESM4,5203.0,5203.25,ESM4,5203.0,5203.25
2024-04-04 22:00:02.333129053+00:00,ESM4,5203.0,5203.25,ESM4,5203.0,5203.25
2024-04-04 22:00:02.333364265+00:00,ESM4,5203.0,5203.25,ESM4,5203.0,5203.25
2024-04-04 22:00:02.333364265+00:00,ESM4,5203.0,5203.25,ESM4,5203.0,5203.25
2024-04-04 22:00:02.333618178+00:00,ESM4,5203.0,5203.25,ESM4,5203.0,5203.25
2024-04-04 22:00:02.333618178+00:00,ESM4,5203.0,5203.25,ESM4,5203.0,5203.25
2024-04-04 22:00:02.333618178+00:00,ESM4,5203.0,5203.25,ESM4,5203.0,5203.25
2024-04-04 22:00:02.333634239+00:00,ESM4,5203.0,5203.25,ESM4,5203.0,5203.25
2024-04-04 22:00:02.333675597+00:00,ESM4,5203.0,5203.25,ESM4,5203.0,5203.25
2024-04-04 22:00:02.333829070+00:00,ESM4,5203.0,5203.25,ESM4,5203.0,5203.25
2024-04-04 22:00:02.333835526+00:00,ESM4,5203.0,5203.25,ESM4,5203.0,5203.25
2024-04-04 22:00:02.333958090+00:00,ESM4,5203.0,5203.25,ESM4,5203.0,5203.25
2024-04-04 22:00:02.333991159+00:00,ESM4,5203.0,5203.25,ESM4,5203.0,5203.25
2024-04-04 22:00:02.333991159+00:00,ESM4,5203.0,5203.25,ESM4,5203.0,5203.25
2024-04-04 22:00:02.333991159+00:00,ESM4,5203.0,5203.25,ESM4,5203.0,5203.25
2024-04-04 22:00:02.334556697+00:00,ESM4,5203.0,5203.25,ESM4,5203.0,5203.25
2024-04-04 22:00:02.335698961+00:00,ESM4,5203.0,5203.25,ESM4,5203.0,5203.25
2024-04-04 22:00:02.335998487+00:00,ESM4,5203.0,5203.25,ESM4,5203.0,5203.25
2024-04-04 22:00:02.341548237+00:00,ESM4,5203.0,5203.25,ESM4,5203.0,5203.25
2024-04-04 22:00:02.341555718+00:00,ESM4,5202.5,5203.25,ESM4,5202.5,5203.25
2024-04-04 22:00:02.341634845+00:00,ESM4,5202.5,5203.25,ESM4,5202.5,5203.25
2024-04-04 22:00:02.341771780+00:00,ESM4,5202.5,5203.25,ESM4,5202.5,5203.25
2024-04-04 22:00:02.341778073+00:00,ESM4,5202.5,5203.25,ESM4,5202.5,5203.25
2024-04-04 22:00:02.341820567+00:00,ESM4,5202.5,5203.0,ESM4,5202.5,5203.0
2024-04-04 22:00:02.341826312+00:00,ESM4,5202.5,5203.0,ESM4,5202.5,5203.0
2024-04-04 22:00:02.341872027+00:00,ESM4,5202.5,5203.0,ESM4,5202.5,5203.0
2024-04-04 22:00:02.341907845+00:00,ESM4,5202.5,5203.0,ESM4,5202.5,5203.0
2024-04-04 22:00:02.341918827+00:00,ESM4,5202.5,5203.0,ESM4,5202.5,5203.0
2024-04-04 22:00:02.341928115+00:00,ESM4,5202.5,5203.0,ESM4,5202.5,5203.0
2024-04-04 22:00:02.342156777+00:00,ESM4,5202.5,5203.0,ESM4,5202.5,5203.0
2024-04-04 22:00:02.342164969+00:00,ESM4,5202.5,5203.0,ESM4,5202.5,5203.0
2024-04-04 22:00:02.342164969+00:00,ESM4,5202.5,5203.0,ESM4,5202.5,5203.0
2024-04-04 22:00:02.342382854+00:00,ESM4,5202.5,5203.0,ESM4,5202.5,5203.0
2024-04-04 22:00:02.342392116+00:00,ESM4,5202.5,5203.0,ESM4,5202.5,5203.0
2024-04-04 22:00:02.342408581+00:00,ESM4,5202.5,5203.0,ESM4,5202.5,5203.0
2024-04-04 22:00:02.344008268+00:00,ESM4,5202.5,5202.75,ESM4,5202.5,5202.75
2024-04-04 22:00:02.344038275+00:00,ESM4,5202.5,5202.75,ESM4,5202.5,5202.75
2024-04-04 22:00:02.344105345+00:00,ESM4,5202.5,5202.75,ESM4,5202.5,5202.75
2024-04-04 22:00:02.344111381+00:00,ESM4,5202.5,5202.75,ESM4,5202.5,5202.75
2024-04-04 22:00:02.344384131+00:00,ESM4,5202.5,5202.75,ESM4,5202.5,5202.75
2024-04-04 22:00:02.344396029+00:00,ESM4,5202.5,5203.0,ESM4,5202.5,5203.0
2024-04-04 22:00:02.344396029+00:00,ESM4,5202.5,5203.0,ESM4,5202.5,5203.0
2024-04-04 22:00:02.344396029+00:00,ESM4,5202.5,5202.75,ESM4,5202.5,5202.75
2024-04-04 22:00:02.344491857+00:00,ESM4,5202.5,5202.75,ESM4,5202.5,5202.75
2024-04-04 22:00:02.344686693+00:00,ESM4,5202.5,5202.75,ESM4,5202.5,5202.75
2024-04-04 22:00:02.356289470+00:00,ESM4 C5670,6.05,6.7,ESM4 C5670,6.05,6.7
2024-04-04 22:00:02.357275808+00:00,ESM4 P3050,1.4,1.9,ESM4 P3050,1.4,1.9
2024-04-04 22:00:02.357275808+00:00,ESM4 P4050,7.1,7.65,ESM4 P4050,7.1,7.65
2024-04-04 22:00:02.358853617+00:00,ESM4 P2800,0.85,1.4,ESM4 P2800,0.85,1.4
2024-04-04 22:00:02.360808047+00:00,ESM4 P2500,0.45,1.0,ESM4 P2500,0.45,1.0
2024-04-04 22:00:02.366630024+00:00,ESM4 C6200,0.1,0.5,ESM4 C6200,0.1,0.5
2024-04-04 22:00:02.366732370+00:00,ESM4 P2000,0.2,0.6,ESM4 P2000,0.2,0.6
2024-04-04 22:00:02.367127582+00:00,ESM4 P2550,0.5,1.05,ESM4 P2550,0.5,1.05
2024-04-04 22:00:02.367127582+00:00,ESM4 P2300,0.25,0.8,ESM4 P2300,0.25,0.8
2024-04-04 22:00:02.367258066+00:00,ESM4 P2650,0.6,1.15,ESM4 P2650,0.6,1.15
2024-04-04 22:00:02.367342237+00:00,ESM4 C6000,0.55,0.9,ESM4 C6000,0.55,0.9
2024-04-04 22:00:02.367668099+00:00,ESM4 C5900,0.85,1.45,ESM4 C5900,0.85,1.45
2024-04-04 22:00:02.368062727+00:00,ESM4 C5675,5.75,6.45,ESM4 C5675,5.75,6.45
2024-04-04 22:00:02.369203593+00:00,ESM4 P4225,9.65,10.5,ESM4 P4225,9.65,10.5
2024-04-04 22:00:02.369301637+00:00,ESM4 C5775,2.55,3.15,ESM4 C5775,2.55,3.15
2024-04-04 22:00:02.369301637+00:00,ESM4 P3950,6.0,6.55,ESM4 P3950,6.0,6.55
2024-04-04 22:00:02.369409815+00:00,ESM4 C5790,2.25,2.85,ESM4 C5790,2.25,2.85
2024-04-04 22:00:02.369947726+00:00,ESM4 P3000,1.25,1.8,ESM4 P3000,1.25,1.8
2024-04-04 22:00:02.370543949+00:00,ESM4 C5750,3.15,3.75,ESM4 C5750,3.15,3.75
2024-04-04 22:00:02.370855276+00:00,ESM4 P3100,1.5,2.05,ESM4 P3100,1.5,2.05
2024-04-04 22:00:02.371059901+00:00,ESM4 P4325,11.5,12.5,ESM4 P4325,11.5,12.5
2024-04-04 22:00:02.371059901+00:00,ESM4 C5720,4.0,4.65,ESM4 C5720,4.0,4.65
2024-04-04 22:00:02.371140180+00:00,ESM4 P3350,2.3,2.85,ESM4 P3350,2.3,2.85
2024-04-04 22:00:02.371140180+00:00,ESM4 C5710,4.35,5.0,ESM4 C5710,4.35,5.0
2024-04-04 22:00:02.371646134+00:00,ESM4 P3500,2.95,3.5,ESM4 P3500,2.95,3.5
2024-04-04 22:00:02.371646134+00:00,ESM4 P3400,2.5,3.05,ESM4 P3400,2.5,3.05
2024-04-04 22:00:02.373625835+00:00,ESM4 P4200,9.2,9.85,ESM4 P4200,9.2,9.85
2024-04-04 22:00:02.373822775+00:00,ESM4 P2850,0.95,1.5,ESM4 P2850,0.95,1.5
2024-04-04 22:00:02.374016433+00:00,ESM4 P2750,0.75,1.3,ESM4 P2750,0.75,1.3
2024-04-04 22:00:02.374116787+00:00,ESM4 P3250,1.95,2.5,ESM4 P3250,1.95,2.5
2024-04-04 22:00:02.374600378+00:00,ESM4 C5770,2.65,3.25,ESM4 C5770,2.65,3.25
2024-04-04 22:00:02.376254103+00:00,ESM4 C5800,2.05,2.65,ESM4 C5800,2.05,2.65
2024-04-04 22:00:02.376759120+00:00,ESM4 P4175,8.8,9.4,ESM4 P4175,8.8,9.4
2024-04-04 22:00:02.376759120+00:00,ESM4 P3850,5.15,5.65,ESM4 P3850,5.15,5.65
2024-04-04 22:00:02.376759120+00:00,ESM4 P3650,3.75,4.3,ESM4 P3650,3.75,4.3
2024-04-04 22:00:02.376857677+00:00,ESM4 P3450,2.75,3.25,ESM4 P3450,2.75,3.25
2024-04-04 22:00:02.376857677+00:00,ESM4 C5650,7.1,7.75,ESM4 C5650,7.1,7.75
2024-04-04 22:00:02.376968189+00:00,ESM4 C5730,3.7,4.3,ESM4 C5730,3.7,4.3
2024-04-04 22:00:02.377080216+00:00,ESM4 P4100,7.7,8.3,ESM4 P4100,7.7,8.3
2024-04-04 22:00:02.377080216+00:00,ESM4 C5640,7.7,8.35,ESM4 C5640,7.7,8.35
2024-04-04 22:00:02.377185516+00:00,ESM4 P3600,3.45,4.0,ESM4 P3600,3.45,4.0
2024-04-04 22:00:02.377710285+00:00,ESM4 C5660,6.55,7.2,ESM4 C5660,6.55,7.2
2024-04-04 22:00:02.378636880+00:00,ESM4 P4000,6.55,7.1,ESM4 P4000,6.55,7.1
2024-04-04 22:00:02.379149848+00:00,ESM4 C5680,5.6,6.2,ESM4 C5680,5.6,6.2
2024-04-04 22:00:02.379149848+00:00,ESM4 P2900,1.05,1.6,ESM4 P2900,1.05,1.6
2024-04-04 22:00:02.379256300+00:00,ESM4 C5810,1.9,2.45,ESM4 C5810,1.9,2.45
2024-04-04 22:00:02.379354913+00:00,ESM4 C5700,4.75,5.35,ESM4 C5700,4.75,5.35
2024-04-04 22:00:02.379354913+00:00,ESM4 C5690,5.15,5.75,ESM4 C5690,5.15,5.75
2024-04-04 22:00:02.379705526+00:00,ESM4 P4050,7.05,7.7,ESM4 P4050,7.05,7.7
2024-04-04 22:00:02.379705526+00:00,ESM4 P3050,1.35,1.95,ESM4 P3050,1.35,1.95
2024-04-04 22:00:02.379795461+00:00,ESM4 P2650,0.55,1.2,ESM4 P2650,0.55,1.2
2024-04-04 22:00:02.420938578+00:00,ESM4,5202.5,5202.75,ESM4,5202.5,5202.75
2024-04-04 22:00:02.420946083+00:00,ESM4,5202.5,5203.0,ESM4,5202.5,5203.0
2024-04-04 22:00:02.421275131+00:00,ESM4 C5640,7.65,8.4,ESM4 C5640,7.65,8.4
2024-04-04 22:00:02.421275131+00:00,ESM4 C5650,7.05,7.8,ESM4 C5650,7.05,7.8
2024-04-04 22:00:02.421878449+00:00,ESM4 C5790,2.25,2.85,ESM4 C5790,2.25,2.85
2024-04-04 22:00:02.422463299+00:00,ESM4 C5660,6.55,7.2,ESM4 C5660,6.55,7.2
2024-04-04 22:00:02.424649668+00:00,ESM4 C5900,0.85,1.45,ESM4 C5900,0.85,1.45
2024-04-04 22:00:02.424649668+00:00,ESM4 P2800,0.85,1.4,ESM4 P2800,0.85,1.4
2024-04-04 22:00:02.425512414+00:00,ESM4 C5770,2.65,3.25,ESM4 C5770,2.65,3.25
2024-04-04 22:00:02.507836643+00:00,ESM4,5202.5,5203.0,ESM4,5202.5,5203.0
2024-04-04 22:00:02.507844594+00:00,ESM4,5202.5,5203.0,ESM4,5202.5,5203.0
2024-04-04 22:00:02.507978222+00:00,ESM4,5202.5,5203.0,ESM4,5202.5,5203.0
2024-04-04 22:00:02.508062219+00:00,ESM4,5202.5,5203.0,ESM4,5202.5,5203.0
2024-04-04 22:00:02.508920904+00:00,ESM4,5202.5,5203.0,ESM4,5202.5,5203.0
2024-04-04 22:00:02.580613864+00:00,ESM4,5202.5,5203.0,ESM4,5202.5,5203.0
2024-04-04 22:00:02.580621897+00:00,ESM4,5202.5,5203.0,ESM4,5202.5,5203.0
2024-04-04 22:00:02.580725686+00:00,ESM4,5202.5,5203.0,ESM4,5202.5,5203.0
2024-04-04 22:00:02.623367485+00:00,ESM4,5202.5,5203.0,ESM4,5202.5,5203.0
2024-04-04 22:00:02.623367485+00:00,ESM4,5202.5,5203.0,ESM4,5202.5,5203.0
2024-04-04 22:00:02.623376194+00:00,ESM4,5202.5,5203.25,ESM4,5202.5,5203.25
2024-04-04 22:00:02.623470220+00:00,ESM4,5202.75,5203.25,ESM4,5202.75,5203.25
2024-04-04 22:00:02.623558932+00:00,ESM4,5202.75,5203.25,ESM4,5202.75,5203.25
2024-04-04 22:00:02.624173809+00:00,ESM4,5203.0,5203.25,ESM4,5203.0,5203.25
2024-04-04 22:00:02.624288448+00:00,ESM4,5203.0,5203.25,ESM4,5203.0,5203.25
2024-04-04 22:00:02.624294776+00:00,ESM4,5203.0,5203.25,ESM4,5203.0,5203.25
2024-04-04 22:00:02.624412922+00:00,ESM4,5203.0,5203.25,ESM4,5203.0,5203.25
2024-04-04 22:00:02.624669298+00:00,ESM4,5203.0,5203.25,ESM4,5203.0,5203.25
2024-04-04 22:00:02.624678898+00:00,ESM4,5202.75,5203.25,ESM4,5202.75,5203.25
2024-04-04 22:00:02.624768674+00:00,ESM4,5202.75,5203.25,ESM4,5202.75,5203.25
2024-04-04 22:00:02.624939385+00:00,ESM4,5202.75,5203.25,ESM4,5202.75,5203.25
2024-04-04 22:00:02.633248799+00:00,ESM4,5202.75,5203.25,ESM4,5202.75,5203.25
2024-04-04 22:00:02.633255947+00:00,ESM4,5202.75,5203.25,ESM4,5202.75,5203.25
2024-04-04 22:00:02.633338381+00:00,ESM4,5202.5,5203.25,ESM4,5202.5,5203.25
2024-04-04 22:00:02.633540927+00:00,ESM4,5202.5,5203.25,ESM4,5202.5,5203.25
2024-04-04 22:00:02.633634114+00:00,ESM4,5202.75,5203.25,ESM4,5202.75,5203.25
2024-04-04 22:00:02.633730751+00:00,ESM4,5202.75,5203.25,ESM4,5202.75,5203.25
2024-04-04 22:00:02.634758335+00:00,ESM4,5203.0,5203.25,ESM4,5203.0,5203.25
2024-04-04 22:00:02.635295366+00:00,ESM4,5203.0,5203.25,ESM4,5203.0,5203.25
2024-04-04 22:00:02.646393120+00:00,ESM4,5203.0,5203.25,ESM4,5203.0,5203.25
2024-04-04 22:00:02.760233716+00:00,ESM4 C5545,14.5,18.75,ESM4 C5545,14.5,18.75
2024-04-04 22:00:02.760563342+00:00,ESM4 C5540,15.0,19.25,ESM4 C5540,15.0,19.25
2024-04-04 22:00:02.760680105+00:00,ESM4 P4625,21.25,25.5,ESM4 P4625,21.25,25.5
2024-04-04 22:00:02.760799628+00:00,ESM4 C5535,15.75,20.0,ESM4 C5535,15.75,20.0
2024-04-04 22:00:02.761035249+00:00,ESM4 C5530,16.25,20.75,ESM4 C5530,16.25,20.75
2024-04-04 22:00:02.761253728+00:00,ESM4 P4650,22.75,27.0,ESM4 P4650,22.75,27.0
2024-04-04 22:00:02.761359447+00:00,ESM4 C5525,17.0,21.25,ESM4 C5525,17.0,21.25
2024-04-04 22:00:02.761599911+00:00,ESM4 C5520,17.75,22.0,ESM4 C5520,17.75,22.0
2024-04-04 22:00:02.761830212+00:00,ESM4 C5515,18.5,22.75,ESM4 C5515,18.5,22.75
2024-04-04 22:00:02.761830212+00:00,ESM4 P4675,24.25,28.75,ESM4 P4675,24.25,28.75
2024-04-04 22:00:02.762059249+00:00,ESM4 C5510,19.25,23.5,ESM4 C5510,19.25,23.5
2024-04-04 22:00:02.762383990+00:00,ESM4 P4700,27.0,30.25,ESM4 P4700,27.0,30.25
2024-04-04 22:00:02.762596618+00:00,ESM4 C5500,20.75,25.0,ESM4 C5500,20.75,25.0
2024-04-04 22:00:02.762822081+00:00,ESM4 C5495,21.5,26.0,ESM4 C5495,21.5,26.0
2024-04-04 22:00:02.762935516+00:00,ESM4 P4725,28.0,32.25,ESM4 P4725,28.0,32.25
2024-04-04 22:00:02.763149536+00:00,ESM4 C5490,22.5,26.75,ESM4 C5490,22.5,26.75
2024-04-04 22:00:02.763472962+00:00,ESM4 P4750,30.25,34.5,ESM4 P4750,30.25,34.5
2024-04-04 22:00:02.763704563+00:00,ESM4 C5475,25.25,29.5,ESM4 C5475,25.25,29.5
2024-04-04 22:00:02.764084973+00:00,ESM4 C5540,15.25,19.0,ESM4 C5540,15.25,19.0
2024-04-04 22:00:02.764165385+00:00,ESM4 P4625,21.5,25.25,ESM4 P4625,21.5,25.25
2024-04-04 22:00:02.764246366+00:00,ESM4 C5535,16.0,19.75,ESM4 C5535,16.0,19.75
2024-04-04 22:00:02.764343310+00:00,ESM4 C5530,16.5,20.5,ESM4 C5530,16.5,20.5
2024-04-04 22:00:02.764506587+00:00,ESM4 C5525,17.25,21.0,ESM4 C5525,17.25,21.0
2024-04-04 22:00:02.764506587+00:00,ESM4 P4650,23.0,26.75,ESM4 P4650,23.0,26.75
2024-04-04 22:00:02.764668686+00:00,ESM4 C5520,18.0,21.75,ESM4 C5520,18.0,21.75
2024-04-04 22:00:02.764749350+00:00,ESM4 C5515,18.75,22.5,ESM4 C5515,18.75,22.5
2024-04-04 22:00:02.764845444+00:00,ESM4 P4675,24.5,28.5,ESM4 P4675,24.5,28.5
2024-04-04 22:00:02.764920460+00:00,ESM4 C5510,19.5,23.25,ESM4 C5510,19.5,23.25
2024-04-04 22:00:02.765080107+00:00,ESM4 P4700,27.0,30.0,ESM4 P4700,27.0,30.0
2024-04-04 22:00:02.765242345+00:00,ESM4 C5500,21.0,24.75,ESM4 C5500,21.0,24.75
2024-04-04 22:00:02.765399284+00:00,ESM4 P4725,28.25,32.0,ESM4 P4725,28.25,32.0
2024-04-04 22:00:02.765399284+00:00,ESM4 C5495,21.75,25.75,ESM4 C5495,21.75,25.75
2024-04-04 22:00:02.765579687+00:00,ESM4 C5490,22.75,26.5,ESM4 C5490,22.75,26.5
2024-04-04 22:00:02.765796338+00:00,ESM4 P4750,30.5,34.25,ESM4 P4750,30.5,34.25
2024-04-04 22:00:02.765873315+00:00,ESM4 C5475,25.5,29.25,ESM4 C5475,25.5,29.25
2024-04-04 22:00:02.863131110+00:00,ESM4 C5470,26.0,30.5,ESM4 C5470,26.0,30.5
2024-04-04 22:00:02.863352857+00:00,ESM4 P4775,32.25,36.75,ESM4 P4775,32.25,36.75
2024-04-04 22:00:02.863920714+00:00,ESM4 P4800,34.75,39.0,ESM4 P4800,34.75,39.0
2024-04-04 22:00:02.864158080+00:00,ESM4 C5450,30.25,34.75,ESM4 C5450,30.25,34.75
2024-04-04 22:00:02.864492928+00:00,ESM4 P4825,37.25,41.75,ESM4 P4825,37.25,41.75
2024-04-04 22:00:02.865092836+00:00,ESM4 C5430,34.75,39.25,ESM4 C5430,34.75,39.25
2024-04-04 22:00:02.865200512+00:00,ESM4 P4850,40.25,44.75,ESM4 P4850,40.25,44.75
2024-04-04 22:00:02.865312432+00:00,ESM4 C5425,36.0,40.5,ESM4 C5425,36.0,40.5
2024-04-04 22:00:02.865533922+00:00,ESM4 C5420,37.25,41.75,ESM4 C5420,37.25,41.75
2024-04-04 22:00:02.865765989+00:00,ESM4 P4875,43.25,47.75,ESM4 P4875,43.25,47.75
2024-04-04 22:00:02.865991421+00:00,ESM4 C5410,39.75,44.5,ESM4 C5410,39.75,44.5
2024-04-04 22:00:02.866447665+00:00,ESM4 C5400,42.5,47.25,ESM4 C5400,42.5,47.25
2024-04-04 22:00:02.866447665+00:00,ESM4 P4900,46.75,51.25,ESM4 P4900,46.75,51.25
2024-04-04 22:00:02.866935521+00:00,ESM4 C5470,26.25,30.25,ESM4 C5470,26.25,30.25
2024-04-04 22:00:02.867015697+00:00,ESM4 P4775,32.5,36.5,ESM4 P4775,32.5,36.5
2024-04-04 22:00:02.867471743+00:00,ESM4 P4800,35.0,38.75,ESM4 P4800,35.0,38.75
2024-04-04 22:00:02.867551843+00:00,ESM4 C5450,30.5,34.5,ESM4 C5450,30.5,34.5
2024-04-04 22:00:02.867715703+00:00,ESM4 P4825,37.5,41.5,ESM4 P4825,37.5,41.5
2024-04-04 22:00:02.868054217+00:00,ESM4 C5430,35.0,39.0,ESM4 C5430,35.0,39.0
2024-04-04 22:00:02.868136724+00:00,ESM4 C5425,36.25,40.25,ESM4 C5425,36.25,40.25
2024-04-04 22:00:02.868136724+00:00,ESM4 P4850,40.5,44.5,ESM4 P4850,40.5,44.5
2024-04-04 22:00:02.868381074+00:00,ESM4 C5420,37.5,41.5,ESM4 C5420,37.5,41.5
2024-04-04 22:00:02.868462464+00:00,ESM4 P4875,43.5,47.5,ESM4 P4875,43.5,47.5
2024-04-04 22:00:02.868633728+00:00,ESM4 C5410,40.0,44.25,ESM4 C5410,40.0,44.25
2024-04-04 22:00:02.868871447+00:00,ESM4 P4900,47.0,51.0,ESM4 P4900,47.0,51.0
2024-04-04 22:00:02.868871447+00:00,ESM4 C5400,42.75,47.0,ESM4 C5400,42.75,47.0
2024-04-04 22:00:02.878270483+00:00,ESM4,5203.0,5203.25,ESM4,5203.0,5203.25
2024-04-04 22:00:02.878629467+00:00,ESM4 C5545,14.75,18.5,ESM4 C5545,14.75,18.5
2024-04-04 22:00:02.887683313+00:00,ESM4,5203.0,5203.25,ESM4,5203.0,5203.25
2024-04-04 22:00:02.887690347+00:00,ESM4,5203.0,5203.25,ESM4,5203.0,5203.25
2024-04-04 22:00:02.888464759+00:00,ESM4,5203.0,5203.25,ESM4,5203.0,5203.25
2024-04-04 22:00:02.897795820+00:00,ESM4,5203.0,5203.25,ESM4,5203.0,5203.25
2024-04-04 22:00:02.898368182+00:00,ESM4,5203.0,5203.25,ESM4,5203.0,5203.25
2024-04-04 22:00:02.898392579+00:00,ESM4,5203.0,5203.25,ESM4,5203.0,5203.25
2024-04-04 22:00:02.898392579+00:00,ESM4,5203.0,5203.25,ESM4,5203.0,5203.25
2024-04-04 22:00:02.898392579+00:00,ESM4,5203.0,5203.25,ESM4,5203.0,5203.25
2024-04-04 22:00:02.898507857+00:00,ESM4,5203.0,5203.25,ESM4,5203.0,5203.25
2024-04-04 22:00:02.918698902+00:00,ESM4,5203.0,5203.25,ESM4,5203.0,5203.25
2024-04-04 22:00:02.918706376+00:00,ESM4,5202.75,5203.25,ESM4,5202.75,5203.25
2024-04-04 22:00:02.918829570+00:00,ESM4,5202.75,5203.25,ESM4,5202.75,5203.25
2024-04-04 22:00:02.919171197+00:00,ESM4,5202.75,5203.25,ESM4,5202.75,5203.25
2024-04-04 22:00:02.929246104+00:00,ESM4,5203.0,5203.25,ESM4,5203.0,5203.25
2024-04-04 22:00:02.929351097+00:00,ESM4,5203.0,5203.25,ESM4,5203.0,5203.25
2024-04-04 22:00:02.929446065+00:00,ESM4,5203.0,5203.25,ESM4,5203.0,5203.25
2024-04-04 22:00:02.929553664+00:00,ESM4,5203.0,5203.25,ESM4,5203.0,5203.25
2024-04-04 22:00:02.929631435+00:00,ESM4,5203.0,5203.25,ESM4,5203.0,5203.25
2024-04-04 22:00:02.929838773+00:00,ESM4,5203.0,5203.25,ESM4,5203.0,5203.25
2024-04-04 22:00:02.929845296+00:00,ESM4,5203.0,5203.25,ESM4,5203.0,5203.25
2024-04-04 22:00:02.971636325+00:00,ESM4 C5390,45.5,50.0,ESM4 C5390,45.5,50.0
2024-04-04 22:00:02.971856633+00:00,ESM4 P4925,50.5,55.25,ESM4 P4925,50.5,55.25
2024-04-04 22:00:02.971966745+00:00,ESM4 C5380,44.0,57.25,ESM4 C5380,44.0,57.25
2024-04-04 22:00:02.972314649+00:00,ESM4 C5375,45.5,59.0,ESM4 C5375,45.5,59.0
2024-04-04 22:00:02.972539031+00:00,ESM4 P4950,54.75,59.25,ESM4 P4950,54.75,59.25
2024-04-04 22:00:02.972539031+00:00,ESM4 C5370,51.75,56.25,ESM4 C5370,51.75,56.25
2024-04-04 22:00:02.972880514+00:00,ESM4 C5360,50.5,64.0,ESM4 C5360,50.5,64.0
2024-04-04 22:00:02.973224368+00:00,ESM4 P4975,59.25,64.0,ESM4 P4975,59.25,64.0
2024-04-04 22:00:02.973336836+00:00,ESM4 C5350,58.25,63.0,ESM4 C5350,58.25,63.0
2024-04-04 22:00:02.973921887+00:00,ESM4 P5000,64.25,69.0,ESM4 P5000,64.25,69.0
2024-04-04 22:00:02.974381413+00:00,ESM4 C5325,67.5,72.5,ESM4 C5325,67.5,72.5
2024-04-04 22:00:02.974602570+00:00,ESM4 P5025,69.5,74.5,ESM4 P5025,69.5,74.5
2024-04-04 22:00:02.974602570+00:00,ESM4 C5320,69.5,74.25,ESM4 C5320,69.5,74.25
2024-04-04 22:00:02.975321417+00:00,ESM4 P5050,75.5,80.25,ESM4 P5050,75.5,80.25
2024-04-04 22:00:02.975402337+00:00,ESM4 C5390,45.75,49.75,ESM4 C5390,45.75,49.75
2024-04-04 22:00:02.975558758+00:00,ESM4 C5380,44.0,57.25,ESM4 C5380,44.0,57.25
2024-04-04 22:00:02.975558758+00:00,ESM4 P4925,50.75,55.0,ESM4 P4925,50.75,55.0
2024-04-04 22:00:02.975936250+00:00,ESM4 C5360,50.5,64.0,ESM4 C5360,50.5,64.0
2024-04-04 22:00:02.976014583+00:00,ESM4 C5370,52.0,56.0,ESM4 C5370,52.0,56.0
2024-04-04 22:00:02.976014583+00:00,ESM4 P4950,55.0,59.0,ESM4 P4950,55.0,59.0
2024-04-04 22:00:02.976172720+00:00,ESM4 C5375,45.5,59.0,ESM4 C5375,45.5,59.0
2024-04-04 22:00:02.976489725+00:00,ESM4 P4975,59.5,63.75,ESM4 P4975,59.5,63.75
2024-04-04 22:00:02.976571208+00:00,ESM4 C5350,58.5,62.75,ESM4 C5350,58.5,62.75
2024-04-04 22:00:02.976817539+00:00,ESM4 P5000,64.5,68.75,ESM4 P5000,64.5,68.75
2024-04-04 22:00:02.977219094+00:00,ESM4 C5325,67.75,72.25,ESM4 C5325,67.75,72.25
2024-04-04 22:00:02.977380323+00:00,ESM4 C5320,69.75,74.0,ESM4 C5320,69.75,74.0
2024-04-04 22:00:02.977380323+00:00,ESM4 P5025,69.75,74.25,ESM4 P5025,69.75,74.25
2024-04-04 22:00:02.982785269+00:00,ESM4 P5050,75.75,80.0,ESM4 P5050,75.75,80.0
2024-04-04 22:00:02.988571592+00:00,ESM4 C5320,69.75,74.0,ESM4 C5320,69.75,74.0
2024-04-04 22:00:02.988571592+00:00,ESM4 C5325,67.75,72.25,ESM4 C5325,67.75,72.25
2024-04-04 22:00:02.988571592+00:00,ESM4 P4975,59.5,63.75,ESM4 P4975,59.5,63.75
2024-04-04 22:00:02.988571592+00:00,ESM4 P4850,40.5,44.5,ESM4 P4850,40.5,44.5
2024-04-04 22:00:02.988831563+00:00,ESM4 P4925,50.75,55.0,ESM4 P4925,50.75,55.0
2024-04-04 22:00:02.988851668+00:00,ESM4 P4675,24.5,28.5,ESM4 P4675,24.5,28.5
2024-04-04 22:00:02.992685354+00:00,ESM4 C5410,40.0,44.25,ESM4 C5410,40.0,44.25
2024-04-04 22:00:02.997118803+00:00,ESM4 C5350,58.5,62.75,ESM4 C5350,58.5,62.75
2024-04-04 22:00:02.997195412+00:00,ESM4 C5470,26.25,30.25,ESM4 C5470,26.25,30.25
2024-04-04 22:00:03.002984545+00:00,ESM4 P5025,69.75,74.25,ESM4 P5025,69.75,74.25
2024-04-04 22:00:03.002984545+00:00,ESM4 C5530,16.5,20.5,ESM4 C5530,16.5,20.5
2024-04-04 22:00:03.003159598+00:00,ESM4 C5400,42.75,47.0,ESM4 C5400,42.75,47.0
2024-04-04 22:00:03.004456972+00:00,ESM4 P5000,64.5,68.75,ESM4 P5000,64.5,68.75
2024-04-04 22:00:03.004456972+00:00,ESM4 P4775,32.5,36.5,ESM4 P4775,32.5,36.5
2024-04-04 22:00:03.004456972+00:00,ESM4 C5495,21.75,25.75,ESM4 C5495,21.75,25.75
2024-04-04 22:00:03.055381194+00:00,ESM4,5203.0,5203.25,ESM4,5203.0,5203.25
2024-04-04 22:00:03.073134207+00:00,ESM4,5203.0,5203.25,ESM4,5203.0,5203.25
2024-04-04 22:00:03.073141570+00:00,ESM4,5203.0,5203.5,ESM4,5203.0,5203.5
2024-04-04 22:00:03.073329120+00:00,ESM4,5203.0,5203.5,ESM4,5203.0,5203.5
2024-04-04 22:00:03.073335546+00:00,ESM4,5203.0,5203.5,ESM4,5203.0,5203.5
2024-04-04 22:00:03.073510952+00:00,ESM4,5203.0,5203.5,ESM4,5203.0,5203.5
2024-04-04 22:00:03.073595946+00:00,ESM4,5203.0,5203.5,ESM4,5203.0,5203.5
2024-04-04 22:00:03.075159824+00:00,ESM4,5203.0,5203.5,ESM4,5203.0,5203.5
2024-04-04 22:00:03.075248254+00:00,ESM4,5203.0,5203.5,ESM4,5203.0,5203.5
2024-04-04 22:00:03.075847389+00:00,ESM4,5203.25,5203.5,ESM4,5203.25,5203.5
2024-04-04 22:00:03.075992981+00:00,ESM4,5203.25,5203.5,ESM4,5203.25,5203.5
2024-04-04 22:00:03.076044021+00:00,ESM4,5203.25,5203.5,ESM4,5203.25,5203.5
2024-04-04 22:00:03.077172277+00:00,ESM4 P4750,30.5,34.25,ESM4 P4750,30.5,34.25
2024-04-04 22:00:03.078286586+00:00,ESM4,5203.25,5203.5,ESM4,5203.25,5203.5
2024-04-04 22:00:03.078403600+00:00,ESM4,5203.25,5203.5,ESM4,5203.25,5203.5
2024-04-04 22:00:03.078515166+00:00,ESM4,5203.25,5203.5,ESM4,5203.25,5203.5
2024-04-04 22:00:03.078602951+00:00,ESM4,5203.25,5203.5,ESM4,5203.25,5203.5
2024-04-04 22:00:03.083887232+00:00,ESM4 C5690,5.2,5.8,ESM4 C5690,5.2,5.8
2024-04-04 22:00:03.090825050+00:00,ESM4,5203.25,5203.5,ESM4,5203.25,5203.5
2024-04-04 22:00:03.090935030+00:00,ESM4,5203.25,5203.5,ESM4,5203.25,5203.5
2024-04-04 22:00:03.091024985+00:00,ESM4,5203.25,5203.5,ESM4,5203.25,5203.5
2024-04-04 22:00:03.091256407+00:00,ESM4,5203.25,5203.5,ESM4,5203.25,5203.5
2024-04-04 22:00:03.091394413+00:00,ESM4,5203.25,5203.5,ESM4,5203.25,5203.5
2024-04-04 22:00:03.091773323+00:00,ESM4,5203.25,5203.5,ESM4,5203.25,5203.5
2024-04-04 22:00:03.091780240+00:00,ESM4,5203.25,5203.5,ESM4,5203.25,5203.5
2024-04-04 22:00:03.092361460+00:00,ESM4,5203.25,5203.5,ESM4,5203.25,5203.5
2024-04-04 22:00:03.094032364+00:00,ESM4 C5300,78.0,80.25,ESM4 C5300,78.0,80.25
2024-04-04 22:00:03.094796240+00:00,ESM4 P5075,82.0,86.75,ESM4 P5075,82.0,86.75
2024-04-04 22:00:03.095023970+00:00,ESM4 C5275,89.0,93.75,ESM4 C5275,89.0,93.75
2024-04-04 22:00:03.095251404+00:00,ESM4 C5270,91.5,96.25,ESM4 C5270,91.5,96.25
2024-04-04 22:00:03.095596467+00:00,ESM4 P5100,89.25,93.75,ESM4 P5100,89.25,93.75
2024-04-04 22:00:03.096053807+00:00,ESM4 C5250,101.25,106.0,ESM4 C5250,101.25,106.0
2024-04-04 22:00:03.096394543+00:00,ESM4 P5125,92.25,106.25,ESM4 P5125,92.25,106.25
2024-04-04 22:00:03.096963194+00:00,ESM4 C5225,114.0,118.75,ESM4 C5225,114.0,118.75
2024-04-04 22:00:03.097193393+00:00,ESM4 P5150,105.5,110.25,ESM4 P5150,105.5,110.25
2024-04-04 22:00:03.097759182+00:00,ESM4 C5200,128.0,132.75,ESM4 C5200,128.0,132.75
2024-04-04 22:00:03.098095894+00:00,ESM4 C5270,91.75,96.0,ESM4 C5270,91.75,96.0
2024-04-04 22:00:03.098170700+00:00,ESM4 C5300,78.25,80.25,ESM4 C5300,78.25,80.25
2024-04-04 22:00:03.098553772+00:00,ESM4 P5075,82.25,86.5,ESM4 P5075,82.25,86.5
2024-04-04 22:00:03.098632551+00:00,ESM4 C5275,89.25,93.5,ESM4 C5275,89.25,93.5
2024-04-04 22:00:03.098854368+00:00,ESM4 P5100,89.5,93.5,ESM4 P5100,89.5,93.5
2024-04-04 22:00:03.099086385+00:00,ESM4 P5125,92.25,106.25,ESM4 P5125,92.25,106.25
2024-04-04 22:00:03.099086385+00:00,ESM4 C5250,101.5,105.75,ESM4 C5250,101.5,105.75
2024-04-04 22:00:03.099543909+00:00,ESM4 C5225,114.25,118.5,ESM4 C5225,114.25,118.5
2024-04-04 22:00:03.099701319+00:00,ESM4 P5150,105.75,110.0,ESM4 P5150,105.75,110.0
2024-04-04 22:00:03.112943732+00:00,ESM4 C5200,128.25,132.5,ESM4 C5200,128.25,132.5
2024-04-04 22:00:03.116924254+00:00,ESM4 C5700,4.8,5.4,ESM4 C5700,4.8,5.4
2024-04-04 22:00:03.138861595+00:00,ESM4,5203.25,5203.5,ESM4,5203.25,5203.5
2024-04-04 22:00:03.138868226+00:00,ESM4,5203.25,5203.5,ESM4,5203.25,5203.5
2024-04-04 22:00:03.174138897+00:00,ESM4,5203.25,5203.5,ESM4,5203.25,5203.5
2024-04-04 22:00:03.174145906+00:00,ESM4,5203.25,5203.5,ESM4,5203.25,5203.5
2024-04-04 22:00:03.180281397+00:00,ESM4 C5275,89.25,93.5,ESM4 C5275,89.25,93.5
2024-04-04 22:00:03.180281397+00:00,ESM4 P4825,37.5,41.5,ESM4 P4825,37.5,41.5
2024-04-04 22:00:03.187366154+00:00,ESM4,5203.25,5203.5,ESM4,5203.25,5203.5
2024-04-04 22:00:03.187372708+00:00,ESM4,5203.25,5203.5,ESM4,5203.25,5203.5
2024-04-04 22:00:03.187598272+00:00,ESM4,5203.25,5203.5,ESM4,5203.25,5203.5
2024-04-04 22:00:03.187614984+00:00,ESM4,5203.0,5203.5,ESM4,5203.0,5203.5
2024-04-04 22:00:03.187614984+00:00,ESM4,5203.0,5203.5,ESM4,5203.0,5203.5
2024-04-04 22:00:03.187974515+00:00,ESM4,5203.0,5203.25,ESM4,5203.0,5203.25
2024-04-04 22:00:03.188181105+00:00,ESM4,5203.0,5203.25,ESM4,5203.0,5203.25
2024-04-04 22:00:03.190449115+00:00,ESM4,5203.0,5203.25,ESM4,5203.0,5203.25
2024-04-04 22:00:03.190449115+00:00,ESM4,5203.0,5203.25,ESM4,5203.0,5203.25
2024-04-04 22:00:03.190457609+00:00,ESM4,5203.0,5203.5,ESM4,5203.0,5203.5
2024-04-04 22:00:03.190543981+00:00,ESM4,5203.0,5203.5,ESM4,5203.0,5203.5
2024-04-04 22:00:03.204799657+00:00,ESM4 C5275,89.25,93.5,ESM4 C5275,89.25,93.5
2024-04-04 22:00:03.204808464+00:00,ESM4 C5400,42.75,47.0,ESM4 C5400,42.75,47.0
2024-04-04 22:00:03.204808464+00:00,ESM4 C5470,26.25,30.25,ESM4 C5470,26.25,30.25
2024-04-04 22:00:03.204808464+00:00,ESM4 C5350,58.5,62.75,ESM4 C5350,58.5,62.75
2024-04-04 22:00:03.204808464+00:00,ESM4 C5410,40.0,44.25,ESM4 C5410,40.0,44.25
2024-04-04 22:00:03.204808464+00:00,ESM4 C5325,67.75,72.25,ESM4 C5325,67.75,72.25
2024-04-04 22:00:03.204808464+00:00,ESM4 C5320,69.75,74.0,ESM4 C5320,69.75,74.0
2024-04-04 22:00:03.204808464+00:00,ESM4 C5375,45.5,59.0,ESM4 C5375,45.5,59.0
2024-04-04 22:00:03.204808464+00:00,ESM4 C5360,50.5,64.0,ESM4 C5360,50.5,64.0
2024-04-04 22:00:03.204808464+00:00,ESM4 C5380,44.0,57.25,ESM4 C5380,44.0,57.25
2024-04-04 22:00:03.204819323+00:00,ESM4 P4750,30.5,34.25,ESM4 P4750,30.5,34.25
2024-04-04 22:00:03.204819323+00:00,ESM4 C5495,21.75,25.75,ESM4 C5495,21.75,25.75
2024-04-04 22:00:03.204819323+00:00,ESM4 P4775,32.5,36.5,ESM4 P4775,32.5,36.5
2024-04-04 22:00:03.204819323+00:00,ESM4 C5530,16.5,20.5,ESM4 C5530,16.5,20.5
2024-04-04 22:00:03.204819323+00:00,ESM4 P4675,24.5,28.5,ESM4 P4675,24.5,28.5
2024-04-04 22:00:03.204827771+00:00,ESM4 P4825,37.5,41.5,ESM4 P4825,37.5,41.5
2024-04-04 22:00:03.204827771+00:00,ESM4 P5125,92.25,106.25,ESM4 P5125,92.25,106.25
2024-04-04 22:00:03.204827771+00:00,ESM4 P5000,64.5,68.75,ESM4 P5000,64.5,68.75
2024-04-04 22:00:03.204827771+00:00,ESM4 P5025,69.75,74.25,ESM4 P5025,69.75,74.25
2024-04-04 22:00:03.204827771+00:00,ESM4 P4925,50.75,55.0,ESM4 P4925,50.75,55.0
2024-04-04 22:00:03.204827771+00:00,ESM4 P4850,40.5,44.5,ESM4 P4850,40.5,44.5
2024-04-04 22:00:03.204827771+00:00,ESM4 P4975,59.5,63.75,ESM4 P4975,59.5,63.75
2024-04-04 22:00:03.205625581+00:00,ESM4,5203.0,5203.5,ESM4,5203.0,5203.5
2024-04-04 22:00:03.205634490+00:00,ESM4,5203.0,5203.5,ESM4,5203.0,5203.5
2024-04-04 22:00:03.210419232+00:00,ESM4,5203.25,5203.5,ESM4,5203.25,5203.5
2024-04-04 22:00:03.210739842+00:00,ESM4,5203.25,5203.75,ESM4,5203.25,5203.75
2024-04-04 22:00:03.210895910+00:00,ESM4,5203.25,5203.75,ESM4,5203.25,5203.75
2024-04-04 22:00:03.210944334+00:00,ESM4,5203.25,5203.75,ESM4,5203.25,5203.75
2024-04-04 22:00:03.220483945+00:00,ESM4,5203.25,5203.5,ESM4,5203.25,5203.5
2024-04-04 22:00:03.225677497+00:00,ESM4,5203.25,5203.5,ESM4,5203.25,5203.5
2024-04-04 22:00:03.225772137+00:00,ESM4,5203.0,5203.5,ESM4,5203.0,5203.5
2024-04-04 22:00:03.226057753+00:00,ESM4,5203.0,5203.25,ESM4,5203.0,5203.25
2024-04-04 22:00:03.226456523+00:00,ESM4,5203.0,5203.25,ESM4,5203.0,5203.25
2024-04-04 22:00:03.226463563+00:00,ESM4,5203.0,5203.5,ESM4,5203.0,5203.5
2024-04-04 22:00:03.226552556+00:00,ESM4,5203.25,5203.5,ESM4,5203.25,5203.5
2024-04-04 22:00:03.226626338+00:00,ESM4,5203.25,5203.5,ESM4,5203.25,5203.5
2024-04-04 22:00:03.226889037+00:00,ESM4,5203.25,5203.5,ESM4,5203.25,5203.5
2024-04-04 22:00:03.226895872+00:00,ESM4,5203.0,5203.5,ESM4,5203.0,5203.5
2024-04-04 22:00:03.227291601+00:00,ESM4,5203.0,5203.5,ESM4,5203.0,5203.5
2024-04-04 22:00:03.227385729+00:00,ESM4,5203.0,5203.75,ESM4,5203.0,5203.75
2024-04-04 22:00:03.237788828+00:00,ESM4,5203.25,5203.75,ESM4,5203.25,5203.75
2024-04-04 22:00:03.237906103+00:00,ESM4,5203.25,5203.75,ESM4,5203.25,5203.75
2024-04-04 22:00:03.238218213+00:00,ESM4,5203.5,5203.75,ESM4,5203.5,5203.75
2024-04-04 22:00:03.238637898+00:00,ESM4,5203.5,5203.75,ESM4,5203.5,5203.75
2024-04-04 22:00:03.238645015+00:00,ESM4,5203.25,5203.75,ESM4,5203.25,5203.75
2024-04-04 22:00:03.239246387+00:00,ESM4,5203.25,5203.5,ESM4,5203.25,5203.5
2024-04-04 22:00:03.239256698+00:00,ESM4,5203.25,5203.5,ESM4,5203.25,5203.5
2024-04-04 22:00:03.239357646+00:00,ESM4,5203.25,5203.5,ESM4,5203.25,5203.5
2024-04-04 22:00:03.239649129+00:00,ESM4,5203.25,5203.5,ESM4,5203.25,5203.5
2024-04-04 22:00:03.239655677+00:00,ESM4,5203.0,5203.5,ESM4,5203.0,5203.5
2024-04-04 22:00:03.239940325+00:00,ESM4,5203.0,5203.25,ESM4,5203.0,5203.25
2024-04-04 22:00:03.239946290+00:00,ESM4,5203.0,5203.25,ESM4,5203.0,5203.25
2024-04-04 22:00:03.247867717+00:00,ESM4,5203.0,5203.25,ESM4,5203.0,5203.25
2024-04-04 22:00:03.247875090+00:00,ESM4,5203.0,5203.25,ESM4,5203.0,5203.25
2024-04-04 22:00:03.247978383+00:00,ESM4,5203.0,5203.25,ESM4,5203.0,5203.25
2024-04-04 22:00:03.257972683+00:00,ESM4,5203.0,5203.25,ESM4,5203.0,5203.25
2024-04-04 22:00:03.258032441+00:00,ESM4 P5100,53.5,93.5,ESM4 P5100,53.5,93.5
2024-04-04 22:00:03.258032441+00:00,ESM4 P4625,7.2,25.25,ESM4 P4625,7.2,25.25
2024-04-04 22:00:03.277923839+00:00,ESM4 P4350,11.0,14.75,ESM4 P4350,11.0,14.75
2024-04-04 22:00:03.278360266+00:00,ESM4 P4375,11.5,15.25,ESM4 P4375,11.5,15.25
2024-04-04 22:00:03.278569340+00:00,ESM4 C5630,6.95,10.5,ESM4 C5630,6.95,10.5
2024-04-04 22:00:03.278780672+00:00,ESM4 C5625,7.3,11.0,ESM4 C5625,7.3,11.0
2024-04-04 22:00:03.278887989+00:00,ESM4 P4400,12.25,16.0,ESM4 P4400,12.25,16.0
2024-04-04 22:00:03.279092522+00:00,ESM4 C5620,7.65,11.25,ESM4 C5620,7.65,11.25
2024-04-04 22:00:03.279298892+00:00,ESM4 P4425,13.0,16.75,ESM4 P4425,13.0,16.75
2024-04-04 22:00:03.279722104+00:00,ESM4 C5610,8.4,12.0,ESM4 C5610,8.4,12.0
2024-04-04 22:00:03.279818444+00:00,ESM4 P4450,13.75,17.5,ESM4 P4450,13.75,17.5
2024-04-04 22:00:03.280237770+00:00,ESM4 C5600,8.7,12.75,ESM4 C5600,8.7,12.75
2024-04-04 22:00:03.280350555+00:00,ESM4 P4475,14.75,18.5,ESM4 P4475,14.75,18.5
2024-04-04 22:00:03.280773373+00:00,ESM4 C5590,10.0,13.75,ESM4 C5590,10.0,13.75
2024-04-04 22:00:03.280882072+00:00,ESM4 P4500,12.0,18.25,ESM4 P4500,12.0,18.25
2024-04-04 22:00:03.281365805+00:00,ESM4 C5580,11.0,14.5,ESM4 C5580,11.0,14.5
2024-04-04 22:00:03.281440381+00:00,ESM4 P4350,11.25,14.5,ESM4 P4350,11.25,14.5
2024-04-04 22:00:03.281517465+00:00,ESM4 P4375,11.5,15.25,ESM4 P4375,11.5,15.25
2024-04-04 22:00:03.281668347+00:00,ESM4 C5625,7.35,11.0,ESM4 C5625,7.35,11.0
2024-04-04 22:00:03.281668347+00:00,ESM4 C5630,7.0,10.5,ESM4 C5630,7.0,10.5
2024-04-04 22:00:03.281671030+00:00,ESM4,5203.0,5203.25,ESM4,5203.0,5203.25
2024-04-04 22:00:03.281677676+00:00,ESM4,5203.0,5203.25,ESM4,5203.0,5203.25
2024-04-04 22:00:03.281742564+00:00,ESM4 P4400,12.5,15.75,ESM4 P4400,12.5,15.75
2024-04-04 22:00:03.281814196+00:00,ESM4 C5620,7.7,11.25,ESM4 C5620,7.7,11.25
2024-04-04 22:00:03.281890999+00:00,ESM4 P4425,13.0,16.75,ESM4 P4425,13.0,16.75
2024-04-04 22:00:03.282112309+00:00,ESM4 C5610,8.45,12.0,ESM4 C5610,8.45,12.0
2024-04-04 22:00:03.282404960+00:00,ESM4 P4450,13.75,17.5,ESM4 P4450,13.75,17.5
2024-04-04 22:00:03.282500604+00:00,ESM4 C5600,8.75,12.5,ESM4 C5600,8.75,12.5
2024-04-04 22:00:03.282611433+00:00,ESM4 C5590,10.0,13.75,ESM4 C5590,10.0,13.75
2024-04-04 22:00:03.282713318+00:00,ESM4 P4500,12.25,18.25,ESM4 P4500,12.25,18.25
2024-04-04 22:00:03.282917657+00:00,ESM4 P4475,14.75,18.5,ESM4 P4475,14.75,18.5
2024-04-04 22:00:03.293790245+00:00,ESM4 P4500,13.5,18.25,ESM4 P4500,13.5,18.25
2024-04-04 22:00:03.306820562+00:00,ESM4,5203.0,5203.25,ESM4,5203.0,5203.25
2024-04-04 22:00:03.306830879+00:00,ESM4,5203.0,5203.25,ESM4,5203.0,5203.25
2024-04-04 22:00:03.308516983+00:00,ESM4 P4500,13.75,18.25,ESM4 P4500,13.75,18.25
2024-04-04 22:00:03.308516983+00:00,ESM4 C5580,11.0,14.5,ESM4 C5580,11.0,14.5
2024-04-04 22:00:03.325677363+00:00,ESM4 P4500,14.25,18.25,ESM4 P4500,14.25,18.25
2024-04-04 22:00:03.341199177+00:00,ESM4,5203.0,5203.25,ESM4,5203.0,5203.25
2024-04-04 22:00:03.341206289+00:00,ESM4,5202.75,5203.25,ESM4,5202.75,5203.25
2024-04-04 22:00:03.341439995+00:00,ESM4,5202.75,5203.25,ESM4,5202.75,5203.25
2024-04-04 22:00:03.341449236+00:00,ESM4,5202.75,5203.0,ESM4,5202.75,5203.0
2024-04-04 22:00:03.341817599+00:00,ESM4,5202.75,5203.0,ESM4,5202.75,5203.0
2024-04-04 22:00:03.341931188+00:00,ESM4,5202.75,5203.0,ESM4,5202.75,5203.0
2024-04-04 22:00:03.342185388+00:00,ESM4,5202.75,5203.0,ESM4,5202.75,5203.0
2024-04-04 22:00:03.342193682+00:00,ESM4,5202.5,5203.0,ESM4,5202.5,5203.0
2024-04-04 22:00:03.342275072+00:00,ESM4,5202.5,5203.0,ESM4,5202.5,5203.0
2024-04-04 22:00:03.342332875+00:00,ESM4,5202.5,5203.0,ESM4,5202.5,5203.0
2024-04-04 22:00:03.342433536+00:00,ESM4,5202.5,5203.0,ESM4,5202.5,5203.0
2024-04-04 22:00:03.342759133+00:00,ESM4,5202.5,5203.0,ESM4,5202.5,5203.0
2024-04-04 22:00:03.342772747+00:00,ESM4,5202.5,5203.0,ESM4,5202.5,5203.0
2024-04-04 22:00:03.342772747+00:00,ESM4,5202.5,5203.0,ESM4,5202.5,5203.0
2024-04-04 22:00:03.342821221+00:00,ESM4,5202.5,5203.0,ESM4,5202.5,5203.0
2024-04-04 22:00:03.342873500+00:00,ESM4,5202.5,5202.75,ESM4,5202.5,5202.75
2024-04-04 22:00:03.342879439+00:00,ESM4,5202.5,5202.75,ESM4,5202.5,5202.75
2024-04-04 22:00:03.342991661+00:00,ESM4,5202.5,5202.75,ESM4,5202.5,5202.75
2024-04-04 22:00:03.343051037+00:00,ESM4,5202.5,5202.75,ESM4,5202.5,5202.75
2024-04-04 22:00:03.343075350+00:00,ESM4,5202.5,5202.75,ESM4,5202.5,5202.75
2024-04-04 22:00:03.343153172+00:00,ESM4,5202.5,5202.75,ESM4,5202.5,5202.75
2024-04-04 22:00:03.343388465+00:00,ESM4,5202.5,5202.75,ESM4,5202.5,5202.75
2024-04-04 22:00:03.343395653+00:00,ESM4,5202.5,5203.0,ESM4,5202.5,5203.0
2024-04-04 22:00:03.343592875+00:00,ESM4,5202.5,5203.0,ESM4,5202.5,5203.0
2024-04-04 22:00:03.343976730+00:00,ESM4,5202.5,5203.0,ESM4,5202.5,5203.0
2024-04-04 22:00:03.345431401+00:00,ESM4 P4500,14.5,18.25,ESM4 P4500,14.5,18.25
2024-04-04 22:00:03.359750978+00:00,ESM4,5202.5,5203.0,ESM4,5202.5,5203.0
2024-04-04 22:00:03.359757716+00:00,ESM4,5202.5,5203.0,ESM4,5202.5,5203.0
2024-04-04 22:00:03.364343573+00:00,ESM4,5202.5,5203.0,ESM4,5202.5,5203.0
2024-04-04 22:00:03.364343573+00:00,ESM4,5202.5,5203.0,ESM4,5202.5,5203.0
2024-04-04 22:00:03.364343573+00:00,ESM4,5202.5,5203.0,ESM4,5202.5,5203.0
2024-04-04 22:00:03.364351934+00:00,ESM4,5202.5,5203.75,ESM4,5202.5,5203.75
2024-04-04 22:00:03.364426791+00:00,ESM4,5202.75,5203.75,ESM4,5202.75,5203.75
2024-04-04 22:00:03.364557357+00:00,ESM4,5202.5,5203.75,ESM4,5202.5,5203.75
2024-04-04 22:00:03.364562887+00:00,ESM4,5202.5,5203.75,ESM4,5202.5,5203.75
2024-04-04 22:00:03.364590611+00:00,ESM4,5202.5,5203.75,ESM4,5202.5,5203.75
2024-04-04 22:00:03.364618719+00:00,ESM4,5202.5,5203.75,ESM4,5202.5,5203.75
2024-04-04 22:00:03.365085787+00:00,ESM4,5202.5,5203.75,ESM4,5202.5,5203.75
2024-04-04 22:00:03.365274463+00:00,ESM4,5202.5,5203.75,ESM4,5202.5,5203.75
2024-04-04 22:00:03.368024533+00:00,ESM4,5202.5,5203.75,ESM4,5202.5,5203.75
2024-04-04 22:00:03.374632151+00:00,ESM4,5202.5,5203.5,ESM4,5202.5,5203.5
2024-04-04 22:00:03.374742212+00:00,ESM4,5202.5,5203.5,ESM4,5202.5,5203.5
2024-04-04 22:00:03.374755437+00:00,ESM4,5202.5,5203.5,ESM4,5202.5,5203.5
2024-04-04 22:00:03.374852474+00:00,ESM4,5202.5,5203.25,ESM4,5202.5,5203.25
2024-04-04 22:00:03.374867521+00:00,ESM4,5202.5,5203.25,ESM4,5202.5,5203.25
2024-04-04 22:00:03.374904102+00:00,ESM4,5202.5,5203.25,ESM4,5202.5,5203.25
2024-04-04 22:00:03.375850071+00:00,ESM4,5202.5,5203.25,ESM4,5202.5,5203.25
2024-04-04 22:00:03.375856906+00:00,ESM4,5202.5,5203.25,ESM4,5202.5,5203.25
2024-04-04 22:00:03.375980581+00:00,ESM4,5202.75,5203.25,ESM4,5202.75,5203.25
2024-04-04 22:00:03.376256474+00:00,ESM4,5202.75,5203.5,ESM4,5202.75,5203.5
2024-04-04 22:00:03.376366730+00:00,ESM4,5202.75,5203.5,ESM4,5202.75,5203.5
2024-04-04 22:00:03.379350884+00:00,ESM4 C5325,28.0,75.25,ESM4 C5325,28.0,75.25
2024-04-04 22:00:03.379359254+00:00,ESM4 C5350,33.5,125.0,ESM4 C5350,33.5,125.0
2024-04-04 22:00:03.379359254+00:00,ESM4 C5400,38.0,64.0,ESM4 C5400,38.0,64.0
2024-04-04 22:00:03.379359254+00:00,ESM4 C5500,20.0,28.0,ESM4 C5500,20.0,28.0
2024-04-04 22:00:03.379367088+00:00,ESM4 C5580,11.0,14.5,ESM4 C5580,11.0,14.5
2024-04-04 22:00:03.379367088+00:00,ESM4 C5590,10.0,13.75,ESM4 C5590,10.0,13.75
2024-04-04 22:00:03.379367088+00:00,ESM4 C5600,8.7,12.75,ESM4 C5600,8.7,12.75
2024-04-04 22:00:03.379367088+00:00,ESM4 C5610,8.4,12.0,ESM4 C5610,8.4,12.0
2024-04-04 22:00:03.379367088+00:00,ESM4 C5620,7.65,11.25,ESM4 C5620,7.65,11.25
2024-04-04 22:00:03.379367088+00:00,ESM4 C5630,6.95,10.5,ESM4 C5630,6.95,10.5
2024-04-04 22:00:03.379367088+00:00,ESM4 C5625,7.3,11.0,ESM4 C5625,7.3,11.0
2024-04-04 22:00:03.379367088+00:00,ESM4 P4375,11.5,15.25,ESM4 P4375,11.5,15.25
2024-04-04 22:00:03.379367088+00:00,ESM4 P4350,11.0,14.75,ESM4 P4350,11.0,14.75
2024-04-04 22:00:03.379375310+00:00,ESM4 P4500,14.25,18.25,ESM4 P4500,14.25,18.25
2024-04-04 22:00:03.379375310+00:00,ESM4 P4475,14.75,18.5,ESM4 P4475,14.75,18.5
2024-04-04 22:00:03.379375310+00:00,ESM4 P4450,13.75,17.5,ESM4 P4450,13.75,17.5
2024-04-04 22:00:03.379375310+00:00,ESM4 P4425,13.0,16.75,ESM4 P4425,13.0,16.75
2024-04-04 22:00:03.379375310+00:00,ESM4 P4400,12.25,16.0,ESM4 P4400,12.25,16.0
2024-04-04 22:00:03.379375310+00:00,ESM4 P4900,40.0,58.25,ESM4 P4900,40.0,58.25
2024-04-04 22:00:03.379375310+00:00,ESM4 P4800,13.0,99.0,ESM4 P4800,13.0,99.0
2024-04-04 22:00:03.379383216+00:00,ESM4 P5000,61.5,77.75,ESM4 P5000,61.5,77.75
2024-04-04 22:00:03.379383216+00:00,ESM4 P5150,40.0,112.0,ESM4 P5150,40.0,112.0
2024-04-04 22:00:03.386160854+00:00,ESM4,5202.75,5203.5,ESM4,5202.75,5203.5
2024-04-04 22:00:03.407011677+00:00,ESM4 P1600,0.05,1.8,ESM4 P1600,0.05,1.8
2024-04-04 22:00:03.407681854+00:00,ESM4 C6200,0.1,2.0,ESM4 C6200,0.1,2.0
2024-04-04 22:00:03.408479198+00:00,ESM4 P2000,0.2,1.95,ESM4 P2000,0.2,1.95
2024-04-04 22:00:03.408791335+00:00,ESM4 P2100,0.1,2.1,ESM4 P2100,0.1,2.1
2024-04-04 22:00:03.409231632+00:00,ESM4 P2200,0.15,2.15,ESM4 P2200,0.15,2.15
2024-04-04 22:00:03.409738788+00:00,ESM4 P2300,0.25,2.25,ESM4 P2300,0.25,2.25
2024-04-04 22:00:03.410129704+00:00,ESM4 P2400,0.35,2.35,ESM4 P2400,0.35,2.35
2024-04-04 22:00:03.410380018+00:00,ESM4 C6050,0.15,2.3,ESM4 C6050,0.15,2.3
2024-04-04 22:00:03.410634377+00:00,ESM4 P2500,0.45,2.4,ESM4 P2500,0.45,2.4
2024-04-04 22:00:03.410830657+00:00,ESM4 P2550,0.5,2.5,ESM4 P2550,0.5,2.5
2024-04-04 22:00:03.411087239+00:00,ESM4 P2600,0.55,2.55,ESM4 P2600,0.55,2.55
2024-04-04 22:00:03.411344219+00:00,ESM4 P2650,0.55,2.65,ESM4 P2650,0.55,2.65
2024-04-04 22:00:03.411612627+00:00,ESM4 C6000,0.55,2.45,ESM4 C6000,0.55,2.45
2024-04-04 22:00:03.411612627+00:00,ESM4 P2700,0.7,2.7,ESM4 P2700,0.7,2.7
2024-04-04 22:00:03.411796465+00:00,ESM4 P2750,0.75,2.8,ESM4 P2750,0.75,2.8
2024-04-04 22:00:03.412003010+00:00,ESM4 P2800,0.85,2.85,ESM4 P2800,0.85,2.85
2024-04-04 22:00:03.412265049+00:00,ESM4 P2850,0.95,2.95,ESM4 P2850,0.95,2.95
2024-04-04 22:00:03.412593287+00:00,ESM4 P2900,1.05,3.05,ESM4 P2900,1.05,3.05
2024-04-04 22:00:03.412798455+00:00,ESM4 P2950,1.15,3.15,ESM4 P2950,1.15,3.15
2024-04-04 22:00:03.413136985+00:00,ESM4 P3000,1.25,3.35,ESM4 P3000,1.25,3.35
2024-04-04 22:00:03.413136985+00:00,ESM4 C5950,0.5,2.7,ESM4 C5950,0.5,2.7
2024-04-04 22:00:03.413476113+00:00,ESM4 P3050,1.35,3.35,ESM4 P3050,1.35,3.35
2024-04-04 22:00:03.413747931+00:00,ESM4 P3100,1.5,3.6,ESM4 P3100,1.5,3.6
2024-04-04 22:00:03.414133542+00:00,ESM4 P4525,16.75,20.5,ESM4 P4525,16.75,20.5
2024-04-04 22:00:03.414217748+00:00,ESM4 C5575,11.5,15.0,ESM4 C5575,11.5,15.0
2024-04-04 22:00:03.414468493+00:00,ESM4 P4550,15.25,21.5,ESM4 P4550,15.25,21.5
2024-04-04 22:00:03.414468493+00:00,ESM4 C5570,12.0,15.5,ESM4 C5570,12.0,15.5
2024-04-04 22:00:03.414886749+00:00,ESM4 C5560,13.0,16.75,ESM4 C5560,13.0,16.75
2024-04-04 22:00:03.414971482+00:00,ESM4 P4575,19.0,22.75,ESM4 P4575,19.0,22.75
2024-04-04 22:00:03.415305711+00:00,ESM4 C5550,14.0,17.75,ESM4 C5550,14.0,17.75
2024-04-04 22:00:03.415385744+00:00,ESM4 P4600,17.75,23.5,ESM4 P4600,17.75,23.5
2024-04-04 22:00:03.415407028+00:00,ESM4 P4650,23.0,26.75,ESM4 P4650,23.0,26.75
2024-04-04 22:00:03.415407028+00:00,ESM4 P4625,21.5,25.25,ESM4 P4625,21.5,25.25
2024-04-04 22:00:03.421592504+00:00,ESM4 P3150,0.5,3.8,ESM4 P3150,0.5,3.8
2024-04-04 22:00:03.421963611+00:00,ESM4 P3200,1.2,2.15,ESM4 P3200,1.2,2.15
2024-04-04 22:00:03.422101401+00:00,ESM4,5203.0,5203.5,ESM4,5203.0,5203.5
2024-04-04 22:00:03.422193686+00:00,ESM4,5203.0,5203.5,ESM4,5203.0,5203.5
2024-04-04 22:00:03.422519821+00:00,ESM4 P3250,0.6,4.05,ESM4 P3250,0.6,4.05
2024-04-04 22:00:03.422597202+00:00,ESM4 C5900,0.85,2.95,ESM4 C5900,0.85,2.95
2024-04-04 22:00:03.423496125+00:00,ESM4 P3350,0.8,4.35,ESM4 P3350,0.8,4.35
2024-04-04 22:00:03.424187375+00:00,ESM4 P3400,1.45,4.6,ESM4 P3400,1.45,4.6
2024-04-04 22:00:03.424597875+00:00,ESM4 P3450,1.7,4.85,ESM4 P3450,1.7,4.85
2024-04-04 22:00:03.425140794+00:00,ESM4 P3500,1.7,4.95,ESM4 P3500,1.7,4.95
2024-04-04 22:00:03.425140794+00:00,ESM4 C5850,1.35,3.5,ESM4 C5850,1.35,3.5
2024-04-04 22:00:03.425508204+00:00,ESM4 P3550,2.0,5.25,ESM4 P3550,2.0,5.25
2024-04-04 22:00:03.426294151+00:00,ESM4 P3600,2.05,5.55,ESM4 P3600,2.05,5.55
2024-04-04 22:00:03.426521100+00:00,ESM4 C5825,0.35,3.8,ESM4 C5825,0.35,3.8
2024-04-04 22:00:03.426903997+00:00,ESM4 C5820,1.8,3.85,ESM4 C5820,1.8,3.85
2024-04-04 22:00:03.431362134+00:00,ESM4 P4500,12.0,18.25,ESM4 P4500,12.0,18.25
2024-04-04 22:00:03.435719349+00:00,ESM4 P3100,1.5,3.6,ESM4 P3100,1.5,3.6
2024-04-04 22:00:03.435719349+00:00,ESM4 P3000,1.25,3.35,ESM4 P3000,1.25,3.35
2024-04-04 22:00:03.435969131+00:00,ESM4 C5950,0.5,2.7,ESM4 C5950,0.5,2.7
2024-04-04 22:00:03.444093622+00:00,ESM4 C5850,1.35,3.5,ESM4 C5850,1.35,3.5
2024-04-04 22:00:03.444150355+00:00,ESM4 C5625,7.3,10.75,ESM4 C5625,7.3,10.75
2024-04-04 22:00:03.467229381+00:00,ESM4,5203.0,5203.5,ESM4,5203.0,5203.5
2024-04-04 22:00:03.467236365+00:00,ESM4,5203.0,5203.5,ESM4,5203.0,5203.5
2024-04-04 22:00:03.530449577+00:00,ESM4,5203.0,5203.5,ESM4,5203.0,5203.5
2024-04-04 22:00:03.530456264+00:00,ESM4,5203.0,5203.5,ESM4,5203.0,5203.5
2024-04-04 22:00:03.530517804+00:00,ESM4,5203.0,5203.5,ESM4,5203.0,5203.5
2024-04-04 22:00:03.540567653+00:00,ESM4,5203.0,5203.5,ESM4,5203.0,5203.5
2024-04-04 22:00:03.540663113+00:00,ESM4,5203.0,5203.5,ESM4,5203.0,5203.5
2024-04-04 22:00:03.559311115+00:00,ESM4 P4575,19.0,22.5,ESM4 P4575,19.0,22.5
2024-04-04 22:00:03.559311115+00:00,ESM4 P4525,16.75,20.25,ESM4 P4525,16.75,20.25
2024-04-04 22:00:03.565960465+00:00,ESM4 C5550,14.25,17.75,ESM4 C5550,14.25,17.75
2024-04-04 22:00:03.567004653+00:00,ESM4,5203.0,5203.5,ESM4,5203.0,5203.5
2024-04-04 22:00:03.567010976+00:00,ESM4,5203.0,5203.5,ESM4,5203.0,5203.5
2024-04-04 22:00:03.567072491+00:00,ESM4,5203.0,5203.5,ESM4,5203.0,5203.5
2024-04-04 22:00:03.567094743+00:00,ESM4,5203.0,5203.5,ESM4,5203.0,5203.5
2024-04-04 22:00:03.613603085+00:00,ESM4,5203.0,5203.5,ESM4,5203.0,5203.5
2024-04-04 22:00:03.613603085+00:00,ESM4,5203.0,5203.5,ESM4,5203.0,5203.5
2024-04-04 22:00:03.613613612+00:00,ESM4,5203.0,5203.75,ESM4,5203.0,5203.75
2024-04-04 22:00:03.613651683+00:00,ESM4,5203.0,5203.75,ESM4,5203.0,5203.75
2024-04-04 22:00:03.613743021+00:00,ESM4,5203.0,5203.75,ESM4,5203.0,5203.75
2024-04-04 22:00:03.613956503+00:00,ESM4,5203.0,5203.75,ESM4,5203.0,5203.75
2024-04-04 22:00:03.614222813+00:00,ESM4,5203.25,5203.75,ESM4,5203.25,5203.75
2024-04-04 22:00:03.614651129+00:00,ESM4,5203.25,5203.75,ESM4,5203.25,5203.75
2024-04-04 22:00:03.624027233+00:00,ESM4,5203.25,5203.75,ESM4,5203.25,5203.75
2024-04-04 22:00:03.633661403+00:00,ESM4,5203.25,5203.75,ESM4,5203.25,5203.75
2024-04-04 22:00:03.662162851+00:00,ESM4,5203.25,5203.75,ESM4,5203.25,5203.75
2024-04-04 22:00:03.695906688+00:00,ESM4,5203.25,5203.75,ESM4,5203.25,5203.75
2024-04-04 22:00:03.707788057+00:00,ESM4,5203.25,5203.75,ESM4,5203.25,5203.75
2024-04-04 22:00:03.708079642+00:00,ESM4,5203.25,5203.75,ESM4,5203.25,5203.75
2024-04-04 22:00:03.775273225+00:00,ESM4,5203.25,5203.75,ESM4,5203.25,5203.75
2024-04-04 22:00:03.775619997+00:00,ESM4,5203.25,5203.75,ESM4,5203.25,5203.75
2024-04-04 22:00:03.795840161+00:00,ESM4,5203.25,5203.75,ESM4,5203.25,5203.75
2024-04-04 22:00:03.795938994+00:00,ESM4,5203.5,5203.75,ESM4,5203.5,5203.75
2024-04-04 22:00:03.796200511+00:00,ESM4,5203.5,5203.75,ESM4,5203.5,5203.75
2024-04-04 22:00:03.796207853+00:00,ESM4,5203.25,5203.75,ESM4,5203.25,5203.75
2024-04-04 22:00:03.796350415+00:00,ESM4,5203.25,5203.75,ESM4,5203.25,5203.75
2024-04-04 22:00:03.797231643+00:00,ESM4,5203.25,5203.75,ESM4,5203.25,5203.75
2024-04-04 22:00:03.800213738+00:00,ESM4,5203.25,5203.75,ESM4,5203.25,5203.75
2024-04-04 22:00:03.800306996+00:00,ESM4,5203.25,5203.75,ESM4,5203.25,5203.75
2024-04-04 22:00:03.824996525+00:00,ESM4,5203.5,5203.75,ESM4,5203.5,5203.75
2024-04-04 22:00:03.878472078+00:00,ESM4 P4425,13.0,16.75,ESM4 P4425,13.0,16.75
2024-04-04 22:00:03.878573840+00:00,ESM4 P4475,14.75,18.5,ESM4 P4475,14.75,18.5
2024-04-04 22:00:03.878590853+00:00,ESM4,5203.5,5203.75,ESM4,5203.5,5203.75
2024-04-04 22:00:03.878740230+00:00,ESM4,5203.5,5203.75,ESM4,5203.5,5203.75
2024-04-04 22:00:03.878748637+00:00,ESM4 P4450,13.75,17.5,ESM4 P4450,13.75,17.5
2024-04-04 22:00:03.878748637+00:00,ESM4 C5580,11.0,14.5,ESM4 C5580,11.0,14.5
2024-04-04 22:00:03.879045152+00:00,ESM4 C5620,7.7,11.25,ESM4 C5620,7.7,11.25
2024-04-04 22:00:03.879152705+00:00,ESM4 C5590,10.0,13.75,ESM4 C5590,10.0,13.75
2024-04-04 22:00:03.879354253+00:00,ESM4 C5610,8.45,12.0,ESM4 C5610,8.45,12.0
2024-04-04 22:00:03.879809162+00:00,ESM4 P4375,11.5,15.25,ESM4 P4375,11.5,15.25
2024-04-04 22:00:03.879809162+00:00,ESM4 C5600,8.75,12.5,ESM4 C5600,8.75,12.5
2024-04-04 22:00:03.879910847+00:00,ESM4 P4400,12.5,15.75,ESM4 P4400,12.5,15.75
2024-04-04 22:00:03.880099524+00:00,ESM4 C5630,7.0,10.5,ESM4 C5630,7.0,10.5
2024-04-04 22:00:03.880296310+00:00,ESM4 C5575,11.5,15.0,ESM4 C5575,11.5,15.0
2024-04-04 22:00:03.880296310+00:00,ESM4 P4350,11.25,14.5,ESM4 P4350,11.25,14.5
2024-04-04 22:00:03.880574246+00:00,ESM4 C5570,12.0,15.5,ESM4 C5570,12.0,15.5
2024-04-04 22:00:03.880574246+00:00,ESM4 P4550,15.5,21.25,ESM4 P4550,15.5,21.25
2024-04-04 22:00:03.880853134+00:00,ESM4 C5560,13.0,16.75,ESM4 C5560,13.0,16.75
2024-04-04 22:00:03.881098099+00:00,ESM4 P4625,21.5,25.25,ESM4 P4625,21.5,25.25
2024-04-04 22:00:03.881098099+00:00,ESM4 P4650,23.25,26.5,ESM4 P4650,23.25,26.5
2024-04-04 22:00:03.881098099+00:00,ESM4 P4600,18.0,23.5,ESM4 P4600,18.0,23.5
2024-04-04 22:00:03.881178665+00:00,ESM4 C5625,7.35,10.75,ESM4 C5625,7.35,10.75
2024-04-04 22:00:03.881178665+00:00,ESM4 P4500,12.25,18.25,ESM4 P4500,12.25,18.25
2024-04-04 22:00:03.881264909+00:00,ESM4 P4575,19.0,22.5,ESM4 P4575,19.0,22.5
2024-04-04 22:00:03.881352591+00:00,ESM4 C5550,14.5,17.5,ESM4 C5550,14.5,17.5
2024-04-04 22:00:03.881352591+00:00,ESM4 P4525,16.75,20.25,ESM4 P4525,16.75,20.25
2024-04-04 22:00:03.900556950+00:00,ESM4,5203.5,5203.75,ESM4,5203.5,5203.75
2024-04-04 22:00:03.903581879+00:00,ESM4,5203.5,5203.75,ESM4,5203.5,5203.75
2024-04-04 22:00:03.903732663+00:00,ESM4,5203.5,5203.75,ESM4,5203.5,5203.75
2024-04-04 22:00:03.904783542+00:00,ESM4 P3650,2.5,5.85,ESM4 P3650,2.5,5.85
2024-04-04 22:00:03.927620408+00:00,ESM4 P4500,13.5,18.25,ESM4 P4500,13.5,18.25
2024-04-04 22:00:03.927620408+00:00,ESM4 P4550,16.75,21.25,ESM4 P4550,16.75,21.25
2024-04-04 22:00:03.952213785+00:00,ESM4 P4550,17.0,21.25,ESM4 P4550,17.0,21.25
2024-04-04 22:00:03.952213785+00:00,ESM4 P4500,13.75,18.25,ESM4 P4500,13.75,18.25
2024-04-04 22:00:03.956190770+00:00,ESM4 P4600,20.0,23.5,ESM4 P4600,20.0,23.5
2024-04-04 22:00:03.971504275+00:00,ESM4 P4500,14.25,18.25,ESM4 P4500,14.25,18.25
2024-04-04 22:00:03.971504275+00:00,ESM4 P4550,17.25,21.25,ESM4 P4550,17.25,21.25
2024-04-04 22:00:03.971744329+00:00,ESM4 P4600,20.25,23.5,ESM4 P4600,20.25,23.5
2024-04-04 22:00:03.973698912+00:00,ESM4,5203.5,5203.75,ESM4,5203.5,5203.75
2024-04-04 22:00:03.973825577+00:00,ESM4,5203.5,5203.75,ESM4,5203.5,5203.75
2024-04-04 22:00:03.987929790+00:00,ESM4,5203.5,5203.75,ESM4,5203.5,5203.75
2024-04-04 22:00:03.987938775+00:00,ESM4,5203.5,5204.0,ESM4,5203.5,5204.0
2024-04-04 22:00:03.987938775+00:00,ESM4,5203.5,5204.0,ESM4,5203.5,5204.0
2024-04-04 22:00:03.988197128+00:00,ESM4,5203.5,5204.0,ESM4,5203.5,5204.0
2024-04-04 22:00:03.988286577+00:00,ESM4,5203.5,5204.0,ESM4,5203.5,5204.0
2024-04-04 22:00:03.988316758+00:00,ESM4,5203.5,5204.0,ESM4,5203.5,5204.0
2024-04-04 22:00:03.988503510+00:00,ESM4,5203.75,5204.0,ESM4,5203.75,5204.0
2024-04-04 22:00:03.993033556+00:00,ESM4,5203.75,5204.0,ESM4,5203.75,5204.0
2024-04-04 22:00:03.993415404+00:00,ESM4,5203.75,5204.0,ESM4,5203.75,5204.0
2024-04-04 22:00:03.998038872+00:00,ESM4,5203.75,5204.0,ESM4,5203.75,5204.0
2024-04-04 22:00:03.998047903+00:00,ESM4,5203.75,5204.0,ESM4,5203.75,5204.0
2024-04-04 22:00:04.003956520+00:00,ESM4,5203.75,5204.0,ESM4,5203.75,5204.0
2024-04-04 22:00:04.003963528+00:00,ESM4,5203.5,5204.0,ESM4,5203.5,5204.0
2024-04-04 22:00:04.004042610+00:00,ESM4,5203.5,5204.0,ESM4,5203.5,5204.0
2024-04-04 22:00:04.004226852+00:00,ESM4,5203.5,5204.0,ESM4,5203.5,5204.0
2024-04-04 22:00:04.004328738+00:00,ESM4,5203.5,5204.0,ESM4,5203.5,5204.0
2024-04-04 22:00:04.004399749+00:00,ESM4,5203.5,5204.0,ESM4,5203.5,5204.0
2024-04-04 22:00:04.004730430+00:00,ESM4,5203.5,5204.0,ESM4,5203.5,5204.0
2024-04-04 22:00:04.010503181+00:00,ESM4,5203.5,5204.0,ESM4,5203.5,5204.0
2024-04-04 22:00:04.010736032+00:00,ESM4,5203.5,5204.0,ESM4,5203.5,5204.0
2024-04-04 22:00:04.021697655+00:00,ESM4 P4550,17.5,21.25,ESM4 P4550,17.5,21.25
2024-04-04 22:00:04.021697655+00:00,ESM4 P4500,14.5,18.25,ESM4 P4500,14.5,18.25
2024-04-04 22:00:04.034795775+00:00,ESM4,5203.5,5204.0,ESM4,5203.5,5204.0
2024-04-04 22:00:04.034982430+00:00,ESM4,5203.5,5203.75,ESM4,5203.5,5203.75
2024-04-04 22:00:04.035108506+00:00,ESM4,5203.5,5203.75,ESM4,5203.5,5203.75
2024-04-04 22:00:04.037628464+00:00,ESM4,5203.5,5203.75,ESM4,5203.5,5203.75
2024-04-04 22:00:04.049782884+00:00,ESM4 P4550,17.5,21.25,ESM4 P4550,17.5,21.25
2024-04-04 22:00:04.066322644+00:00,ESM4 C5390,45.75,50.25,ESM4 C5390,45.75,50.25
2024-04-04 22:00:04.066507301+00:00,ESM4 P4925,50.25,55.0,ESM4 P4925,50.25,55.0
2024-04-04 22:00:04.066601147+00:00,ESM4 C5380,44.25,57.5,ESM4 C5380,44.25,57.5
2024-04-04 22:00:04.066890890+00:00,ESM4 C5375,45.75,59.0,ESM4 C5375,45.75,59.0
2024-04-04 22:00:04.067079715+00:00,ESM4 P4950,54.5,59.0,ESM4 P4950,54.5,59.0
2024-04-04 22:00:04.067079715+00:00,ESM4 C5370,51.75,56.5,ESM4 C5370,51.75,56.5
2024-04-04 22:00:04.067357241+00:00,ESM4 C5360,50.5,64.0,ESM4 C5360,50.5,64.0
2024-04-04 22:00:04.067552927+00:00,ESM4 P4975,59.0,63.75,ESM4 P4975,59.0,63.75
2024-04-04 22:00:04.067734558+00:00,ESM4 C5350,58.5,63.25,ESM4 C5350,58.5,63.25
2024-04-04 22:00:04.068186226+00:00,ESM4 P5000,64.0,68.5,ESM4 P5000,64.0,68.5
2024-04-04 22:00:04.068549280+00:00,ESM4 C5325,67.75,72.75,ESM4 C5325,67.75,72.75
2024-04-04 22:00:04.068738391+00:00,ESM4 P5025,69.25,74.0,ESM4 P5025,69.25,74.0
2024-04-04 22:00:04.068738391+00:00,ESM4 C5320,70.0,74.5,ESM4 C5320,70.0,74.5
2024-04-04 22:00:04.069328556+00:00,ESM4 P5050,75.25,80.0,ESM4 P5050,75.25,80.0
2024-04-04 22:00:04.069482500+00:00,ESM4 C5390,46.0,50.0,ESM4 C5390,46.0,50.0
2024-04-04 22:00:04.069615929+00:00,ESM4 P4925,50.5,54.75,ESM4 P4925,50.5,54.75
2024-04-04 22:00:04.069691574+00:00,ESM4 C5380,44.25,57.5,ESM4 C5380,44.25,57.5
2024-04-04 22:00:04.069928531+00:00,ESM4 C5375,45.75,59.0,ESM4 C5375,45.75,59.0
2024-04-04 22:00:04.070088967+00:00,ESM4 C5370,52.0,56.25,ESM4 C5370,52.0,56.25
2024-04-04 22:00:04.070088967+00:00,ESM4 P4950,54.75,58.75,ESM4 P4950,54.75,58.75
2024-04-04 22:00:04.070397396+00:00,ESM4 P4975,59.25,63.5,ESM4 P4975,59.25,63.5
2024-04-04 22:00:04.070397396+00:00,ESM4 C5360,50.5,64.0,ESM4 C5360,50.5,64.0
2024-04-04 22:00:04.070622797+00:00,ESM4 C5350,58.75,63.0,ESM4 C5350,58.75,63.0
2024-04-04 22:00:04.071095866+00:00,ESM4 P5000,64.25,68.25,ESM4 P5000,64.25,68.25
2024-04-04 22:00:04.071326418+00:00,ESM4 C5325,68.0,72.5,ESM4 C5325,68.0,72.5
2024-04-04 22:00:04.071401455+00:00,ESM4 C5320,70.25,74.25,ESM4 C5320,70.25,74.25
2024-04-04 22:00:04.071401455+00:00,ESM4 P5025,69.5,73.75,ESM4 P5025,69.5,73.75
2024-04-04 22:00:04.071828967+00:00,ESM4 P5050,75.5,79.75,ESM4 P5050,75.5,79.75
2024-04-04 22:00:04.091914281+00:00,ESM4 C5325,68.0,72.5,ESM4 C5325,68.0,72.5
2024-04-04 22:00:04.102561643+00:00,ESM4 C5350,58.75,63.0,ESM4 C5350,58.75,63.0
2024-04-04 22:00:04.131590242+00:00,ESM4 C5370,52.0,56.25,ESM4 C5370,52.0,56.25
2024-04-04 22:00:04.156101685+00:00,ESM4,5203.5,5203.75,ESM4,5203.5,5203.75
2024-04-04 22:00:04.156108592+00:00,ESM4,5203.5,5203.75,ESM4,5203.5,5203.75
2024-04-04 22:00:04.156196279+00:00,ESM4,5203.5,5203.75,ESM4,5203.5,5203.75
2024-04-04 22:00:04.166305183+00:00,ESM4,5203.5,5203.75,ESM4,5203.5,5203.75
2024-04-04 22:00:04.166404922+00:00,ESM4,5203.5,5203.75,ESM4,5203.5,5203.75
2024-04-04 22:00:04.183843896+00:00,ESM4 C5300,78.25,80.25,ESM4 C5300,78.25,80.25
2024-04-04 22:00:04.184388776+00:00,ESM4 P5075,81.75,86.5,ESM4 P5075,81.75,86.5
2024-04-04 22:00:04.184580673+00:00,ESM4 C5275,89.25,94.0,ESM4 C5275,89.25,94.0
2024-04-04 22:00:04.184780987+00:00,ESM4 C5270,91.5,96.5,ESM4 C5270,91.5,96.5
2024-04-04 22:00:04.185051985+00:00,ESM4 P5100,89.0,93.5,ESM4 P5100,89.0,93.5
2024-04-04 22:00:04.185457698+00:00,ESM4 C5250,101.25,106.0,ESM4 C5250,101.25,106.0
2024-04-04 22:00:04.185747256+00:00,ESM4 P5125,91.75,106.0,ESM4 P5125,91.75,106.0
2024-04-04 22:00:04.186228644+00:00,ESM4 C5225,114.25,119.25,ESM4 C5225,114.25,119.25
2024-04-04 22:00:04.186409273+00:00,ESM4 P5150,105.25,110.0,ESM4 P5150,105.25,110.0
2024-04-04 22:00:04.186867643+00:00,ESM4 C5200,128.25,133.0,ESM4 C5200,128.25,133.0
2024-04-04 22:00:04.187042081+00:00,ESM4 C5300,78.5,80.25,ESM4 C5300,78.5,80.25
2024-04-04 22:00:04.187427851+00:00,ESM4 P5075,82.0,86.25,ESM4 P5075,82.0,86.25
2024-04-04 22:00:04.187576357+00:00,ESM4 C5275,89.5,93.75,ESM4 C5275,89.5,93.75
2024-04-04 22:00:04.187732896+00:00,ESM4 C5270,91.75,96.25,ESM4 C5270,91.75,96.25
2024-04-04 22:00:04.187954832+00:00,ESM4 P5100,89.25,93.25,ESM4 P5100,89.25,93.25
2024-04-04 22:00:04.188331227+00:00,ESM4 C5250,101.5,105.75,ESM4 C5250,101.5,105.75
2024-04-04 22:00:04.188515819+00:00,ESM4 P5125,91.75,106.0,ESM4 P5125,91.75,106.0
2024-04-04 22:00:04.188901282+00:00,ESM4 C5225,114.5,119.0,ESM4 C5225,114.5,119.0
2024-04-04 22:00:04.189057672+00:00,ESM4 P5150,105.5,109.75,ESM4 P5150,105.5,109.75
2024-04-04 22:00:04.190286933+00:00,ESM4 P3300,0.65,4.15,ESM4 P3300,0.65,4.15
2024-04-04 22:00:04.191162395+00:00,ESM4 C5810,0.6,4.0,ESM4 C5810,0.6,4.0
2024-04-04 22:00:04.191162395+00:00,ESM4 P3700,2.6,6.15,ESM4 P3700,2.6,6.15
2024-04-04 22:00:04.201494734+00:00,ESM4 C5200,128.5,132.75,ESM4 C5200,128.5,132.75
2024-04-04 22:00:04.224522487+00:00,ESM4 P4925,50.5,54.75,ESM4 P4925,50.5,54.75
2024-04-04 22:00:04.239650417+00:00,ESM4,5203.5,5203.75,ESM4,5203.5,5203.75
2024-04-04 22:00:04.239650417+00:00,ESM4,5203.5,5203.75,ESM4,5203.5,5203.75
2024-04-04 22:00:04.239650417+00:00,ESM4,5203.5,5203.75,ESM4,5203.5,5203.75
2024-04-04 22:00:04.239662695+00:00,ESM4,5203.5,5203.75,ESM4,5203.5,5203.75
2024-04-04 22:00:04.239662695+00:00,ESM4,5203.5,5203.75,ESM4,5203.5,5203.75
2024-04-04 22:00:04.239662695+00:00,ESM4,5203.5,5204.5,ESM4,5203.5,5204.5
2024-04-04 22:00:04.239788745+00:00,ESM4,5203.75,5204.5,ESM4,5203.75,5204.5
2024-04-04 22:00:04.240576936+00:00,ESM4,5203.75,5204.5,ESM4,5203.75,5204.5
2024-04-04 22:00:04.240602064+00:00,ESM4,5203.5,5204.5,ESM4,5203.5,5204.5
2024-04-04 22:00:04.240602064+00:00,ESM4,5203.5,5204.25,ESM4,5203.5,5204.25
2024-04-04 22:00:04.240602064+00:00,ESM4,5203.5,5204.25,ESM4,5203.5,5204.25
2024-04-04 22:00:04.240602064+00:00,ESM4,5203.5,5204.25,ESM4,5203.5,5204.25
2024-04-04 22:00:04.240688267+00:00,ESM4,5203.5,5204.25,ESM4,5203.5,5204.25
2024-04-04 22:00:04.240975628+00:00,ESM4,5203.5,5204.25,ESM4,5203.5,5204.25
2024-04-04 22:00:04.240995601+00:00,ESM4,5203.5,5204.25,ESM4,5203.5,5204.25
2024-04-04 22:00:04.241085398+00:00,ESM4,5203.5,5204.25,ESM4,5203.5,5204.25
2024-04-04 22:00:04.243896179+00:00,ESM4,5203.5,5204.25,ESM4,5203.5,5204.25
2024-04-04 22:00:04.243982351+00:00,ESM4,5203.5,5204.25,ESM4,5203.5,5204.25
2024-04-04 22:00:04.247244763+00:00,ESM4,5203.75,5204.25,ESM4,5203.75,5204.25
2024-04-04 22:00:04.247339691+00:00,ESM4,5204.0,5204.25,ESM4,5204.0,5204.25
2024-04-04 22:00:04.247432206+00:00,ESM4,5204.0,5204.25,ESM4,5204.0,5204.25
2024-04-04 22:00:04.247660537+00:00,ESM4,5204.0,5204.25,ESM4,5204.0,5204.25
2024-04-04 22:00:04.247669537+00:00,ESM4,5203.75,5204.25,ESM4,5203.75,5204.25
2024-04-04 22:00:04.247748593+00:00,ESM4,5203.75,5204.25,ESM4,5203.75,5204.25
2024-04-04 22:00:04.247820250+00:00,ESM4,5203.75,5204.25,ESM4,5203.75,5204.25
2024-04-04 22:00:04.247944616+00:00,ESM4,5203.75,5204.25,ESM4,5203.75,5204.25
2024-04-04 22:00:04.248046148+00:00,ESM4,5203.75,5204.25,ESM4,5203.75,5204.25
2024-04-04 22:00:04.248286663+00:00,ESM4,5203.75,5204.0,ESM4,5203.75,5204.0
2024-04-04 22:00:04.248389536+00:00,ESM4,5203.75,5204.0,ESM4,5203.75,5204.0
2024-04-04 22:00:04.249670732+00:00,ESM4 C5200,128.25,133.0,ESM4 C5200,128.25,133.0
2024-04-04 22:00:04.249670732+00:00,ESM4 C5225,114.25,119.25,ESM4 C5225,114.25,119.25
2024-04-04 22:00:04.249670732+00:00,ESM4 C5250,101.25,106.0,ESM4 C5250,101.25,106.0
2024-04-04 22:00:04.249670732+00:00,ESM4 C5270,91.5,96.5,ESM4 C5270,91.5,96.5
2024-04-04 22:00:04.249670732+00:00,ESM4 C5275,89.25,94.0,ESM4 C5275,89.25,94.0
2024-04-04 22:00:04.249670732+00:00,ESM4 C5300,78.25,80.25,ESM4 C5300,78.25,80.25
2024-04-04 22:00:04.249670732+00:00,ESM4 C5350,58.75,63.25,ESM4 C5350,58.75,63.25
2024-04-04 22:00:04.249670732+00:00,ESM4 C5325,68.0,72.75,ESM4 C5325,68.0,72.75
2024-04-04 22:00:04.249670732+00:00,ESM4 C5320,70.0,74.5,ESM4 C5320,70.0,74.5
2024-04-04 22:00:04.249677951+00:00,ESM4 C5370,52.0,56.5,ESM4 C5370,52.0,56.5
2024-04-04 22:00:04.249677951+00:00,ESM4 C5360,50.5,64.0,ESM4 C5360,50.5,64.0
2024-04-04 22:00:04.249677951+00:00,ESM4 C5375,45.75,59.0,ESM4 C5375,45.75,59.0
2024-04-04 22:00:04.249677951+00:00,ESM4 C5380,44.25,57.5,ESM4 C5380,44.25,57.5
2024-04-04 22:00:04.249677951+00:00,ESM4 C5390,45.75,50.25,ESM4 C5390,45.75,50.25
2024-04-04 22:00:04.249677951+00:00,ESM4 C5550,14.25,17.75,ESM4 C5550,14.25,17.75
2024-04-04 22:00:04.249677951+00:00,ESM4 C5625,7.3,10.75,ESM4 C5625,7.3,10.75
2024-04-04 22:00:04.249677951+00:00,ESM4 C5560,13.0,16.75,ESM4 C5560,13.0,16.75
2024-04-04 22:00:04.249677951+00:00,ESM4 C5570,12.0,15.5,ESM4 C5570,12.0,15.5
2024-04-04 22:00:04.249677951+00:00,ESM4 P4350,11.0,14.75,ESM4 P4350,11.0,14.75
2024-04-04 22:00:04.249677951+00:00,ESM4 C5575,11.5,15.0,ESM4 C5575,11.5,15.0
2024-04-04 22:00:04.249677951+00:00,ESM4 C5630,6.95,10.5,ESM4 C5630,6.95,10.5
2024-04-04 22:00:04.249677951+00:00,ESM4 C5600,8.7,12.75,ESM4 C5600,8.7,12.75
2024-04-04 22:00:04.249677951+00:00,ESM4 C5610,8.4,12.0,ESM4 C5610,8.4,12.0
2024-04-04 22:00:04.249677951+00:00,ESM4 C5590,10.0,13.75,ESM4 C5590,10.0,13.75
2024-04-04 22:00:04.249677951+00:00,ESM4 C5620,7.65,11.25,ESM4 C5620,7.65,11.25
2024-04-04 22:00:04.249677951+00:00,ESM4 C5580,11.0,14.5,ESM4 C5580,11.0,14.5
2024-04-04 22:00:04.249686757+00:00,ESM4 P4925,50.5,55.0,ESM4 P4925,50.5,55.0
2024-04-04 22:00:04.249686757+00:00,ESM4 P5025,69.25,74.0,ESM4 P5025,69.25,74.0
2024-04-04 22:00:04.249686757+00:00,ESM4 P5000,64.0,68.5,ESM4 P5000,64.0,68.5
2024-04-04 22:00:04.249686757+00:00,ESM4 P4975,59.0,63.75,ESM4 P4975,59.0,63.75
2024-04-04 22:00:04.249686757+00:00,ESM4 P4950,54.5,59.0,ESM4 P4950,54.5,59.0
2024-04-04 22:00:04.249686757+00:00,ESM4 P4550,17.5,21.5,ESM4 P4550,17.5,21.5
2024-04-04 22:00:04.249686757+00:00,ESM4 P4500,14.25,18.25,ESM4 P4500,14.25,18.25
2024-04-04 22:00:04.249686757+00:00,ESM4 P4600,20.0,23.5,ESM4 P4600,20.0,23.5
2024-04-04 22:00:04.249686757+00:00,ESM4 P4525,16.75,20.25,ESM4 P4525,16.75,20.25
2024-04-04 22:00:04.249686757+00:00,ESM4 P4575,19.0,22.5,ESM4 P4575,19.0,22.5
2024-04-04 22:00:04.249686757+00:00,ESM4 P4650,23.0,26.75,ESM4 P4650,23.0,26.75
2024-04-04 22:00:04.249686757+00:00,ESM4 P4625,21.5,25.25,ESM4 P4625,21.5,25.25
2024-04-04 22:00:04.249686757+00:00,ESM4 P4400,12.25,16.0,ESM4 P4400,12.25,16.0
2024-04-04 22:00:04.249686757+00:00,ESM4 P4375,11.5,15.25,ESM4 P4375,11.5,15.25
2024-04-04 22:00:04.249686757+00:00,ESM4 P4450,13.75,17.5,ESM4 P4450,13.75,17.5
2024-04-04 22:00:04.249686757+00:00,ESM4 P4475,14.75,18.5,ESM4 P4475,14.75,18.5
2024-04-04 22:00:04.249686757+00:00,ESM4 P4425,13.0,16.75,ESM4 P4425,13.0,16.75
2024-04-04 22:00:04.249697355+00:00,ESM4 P5150,105.25,110.0,ESM4 P5150,105.25,110.0
2024-04-04 22:00:04.249697355+00:00,ESM4 P5125,91.75,106.0,ESM4 P5125,91.75,106.0
2024-04-04 22:00:04.249697355+00:00,ESM4 P5100,89.0,93.5,ESM4 P5100,89.0,93.5
2024-04-04 22:00:04.249697355+00:00,ESM4 P5075,81.75,86.5,ESM4 P5075,81.75,86.5
2024-04-04 22:00:04.249697355+00:00,ESM4 P5050,75.25,80.0,ESM4 P5050,75.25,80.0
2024-04-04 22:00:04.251584837+00:00,ESM4,5203.75,5204.0,ESM4,5203.75,5204.0
2024-04-04 22:00:04.253683120+00:00,ESM4 P5000,61.5,77.75,ESM4 P5000,61.5,77.75
2024-04-04 22:00:04.253683120+00:00,ESM4 C5325,28.0,75.25,ESM4 C5325,28.0,75.25
2024-04-04 22:00:04.253683120+00:00,ESM4 C5350,33.5,125.0,ESM4 C5350,33.5,125.0
2024-04-04 22:00:04.253691286+00:00,ESM4 P5150,40.0,112.0,ESM4 P5150,40.0,112.0
2024-04-04 22:00:04.260191986+00:00,ESM4,5203.75,5204.0,ESM4,5203.75,5204.0
2024-04-04 22:00:04.286137405+00:00,ESM4 P4600,17.75,23.5,ESM4 P4600,17.75,23.5
